{"e":"bookTicker","u":8507981088581,"s":"BTCUSDT","b":"112251.70","B":"11.202","a":"112251.80","A":"2.809","T":1756922379985,"E":1756922379985}
{"e":"bookTicker","u":8507981089874,"s":"BTCUSDT","b":"112251.70","B":"11.203","a":"112251.80","A":"2.694","T":1756922380019,"E":1756922380019}
{"e":"bookTicker","u":8507981089884,"s":"BTCUSDT","b":"112251.70","B":"11.203","a":"112251.80","A":"2.695","T":1756922380019,"E":1756922380019}
{"e":"bookTicker","u":8507981089953,"s":"BTCUSDT","b":"112251.70","B":"11.203","a":"112251.80","A":"2.694","T":1756922380020,"E":1756922380021}
{"e":"bookTicker","u":8507981089964,"s":"BTCUSDT","b":"112251.70","B":"11.202","a":"112251.80","A":"2.694","T":1756922380021,"E":1756922380021}
{"e":"bookTicker","u":8507981090586,"s":"BTCUSDT","b":"112251.70","B":"11.202","a":"112251.80","A":"2.695","T":1756922380031,"E":1756922380031}
{"e":"bookTicker","u":8507981090600,"s":"BTCUSDT","b":"112251.70","B":"11.203","a":"112251.80","A":"2.695","T":1756922380031,"E":1756922380031}
{"e":"bookTicker","u":8507981090729,"s":"BTCUSDT","b":"112251.70","B":"11.203","a":"112251.80","A":"2.694","T":1756922380033,"E":1756922380033}
{"e":"bookTicker","u":8507981090745,"s":"BTCUSDT","b":"112251.70","B":"11.202","a":"112251.80","A":"2.694","T":1756922380033,"E":1756922380033}
{"e":"bookTicker","u":8507981090760,"s":"BTCUSDT","b":"112251.70","B":"11.202","a":"112251.80","A":"2.809","T":1756922380034,"E":1756922380034}
{"e":"bookTicker","u":8507981090796,"s":"BTCUSDT","b":"112251.70","B":"11.206","a":"112251.80","A":"2.809","T":1756922380034,"E":1756922380035}
{"e":"bookTicker","u":8507981090824,"s":"BTCUSDT","b":"112251.70","B":"11.206","a":"112251.80","A":"2.694","T":1756922380035,"E":1756922380035}
{"e":"bookTicker","u":8507981088853,"s":"BTCUSDT","b":"112251.70","B":"11.203","a":"112251.80","A":"2.809","T":1756922379995,"E":1756922379995}
{"e":"bookTicker","u":8507981088869,"s":"BTCUSDT","b":"112251.70","B":"11.203","a":"112251.80","A":"2.810","T":1756922379995,"E":1756922379996}
{"e":"bookTicker","u":8507981088919,"s":"BTCUSDT","b":"112251.70","B":"11.202","a":"112251.80","A":"2.810","T":1756922379996,"E":1756922379997}
{"e":"bookTicker","u":8507981088936,"s":"BTCUSDT","b":"112251.70","B":"11.202","a":"112251.80","A":"2.809","T":1756922379997,"E":1756922379997}
{"e":"bookTicker","u":8507981089203,"s":"BTCUSDT","b":"112251.70","B":"11.202","a":"112251.80","A":"2.694","T":1756922380004,"E":1756922380004}
{"e":"bookTicker","u":8507981089362,"s":"BTCUSDT","b":"112251.70","B":"11.202","a":"112251.80","A":"2.695","T":1756922380007,"E":1756922380007}
{"e":"bookTicker","u":8507981089369,"s":"BTCUSDT","b":"112251.70","B":"11.203","a":"112251.80","A":"2.695","T":1756922380007,"E":1756922380008}
{"e":"bookTicker","u":8507981089419,"s":"BTCUSDT","b":"112251.70","B":"11.202","a":"112251.80","A":"2.695","T":1756922380009,"E":1756922380009}
{"e":"bookTicker","u":8507981089434,"s":"BTCUSDT","b":"112251.70","B":"11.202","a":"112251.80","A":"2.694","T":1756922380009,"E":1756922380009}
{"e":"bookTicker","u":8507981089874,"s":"BTCUSDT","b":"112251.70","B":"11.203","a":"112251.80","A":"2.694","T":1756922380019,"E":1756922380019}
{"e":"bookTicker","u":8507981089884,"s":"BTCUSDT","b":"112251.70","B":"11.203","a":"112251.80","A":"2.695","T":1756922380019,"E":1756922380019}
{"e":"bookTicker","u":8507981089953,"s":"BTCUSDT","b":"112251.70","B":"11.203","a":"112251.80","A":"2.694","T":1756922380020,"E":1756922380021}
{"e":"bookTicker","u":8507981089964,"s":"BTCUSDT","b":"112251.70","B":"11.202","a":"112251.80","A":"2.694","T":1756922380021,"E":1756922380021}
{"e":"bookTicker","u":8507981091226,"s":"BTCUSDT","b":"112251.70","B":"11.207","a":"112251.80","A":"2.694","T":1756922380043,"E":1756922380043}
{"e":"bookTicker","u":8507981091236,"s":"BTCUSDT","b":"112251.70","B":"11.207","a":"112251.80","A":"2.695","T":1756922380043,"E":1756922380043}
{"e":"bookTicker","u":8507981091287,"s":"BTCUSDT","b":"112251.70","B":"11.207","a":"112251.80","A":"2.810","T":1756922380045,"E":1756922380045}
{"e":"bookTicker","u":8507981091306,"s":"BTCUSDT","b":"112251.70","B":"11.207","a":"112251.80","A":"2.809","T":1756922380045,"E":1756922380045}
{"e":"bookTicker","u":8507981091314,"s":"BTCUSDT","b":"112251.70","B":"11.206","a":"112251.80","A":"2.809","T":1756922380045,"E":1756922380045}
{"e":"bookTicker","u":8507981091361,"s":"BTCUSDT","b":"112251.70","B":"11.206","a":"112251.80","A":"2.807","T":1756922380046,"E":1756922380047}
{"e":"bookTicker","u":8507981091407,"s":"BTCUSDT","b":"112251.70","B":"11.206","a":"112251.80","A":"2.809","T":1756922380047,"E":1756922380047}
{"e":"bookTicker","u":8507981091685,"s":"BTCUSDT","b":"112251.70","B":"11.207","a":"112251.80","A":"2.809","T":1756922380055,"E":1756922380055}
{"e":"bookTicker","u":8507981091691,"s":"BTCUSDT","b":"112251.70","B":"11.207","a":"112251.80","A":"2.810","T":1756922380055,"E":1756922380056}
{"e":"bookTicker","u":8507981091741,"s":"BTCUSDT","b":"112251.70","B":"11.206","a":"112251.80","A":"2.810","T":1756922380057,"E":1756922380057}
{"e":"bookTicker","u":8507981091742,"s":"BTCUSDT","b":"112251.70","B":"11.206","a":"112251.80","A":"2.809","T":1756922380057,"E":1756922380057}
{"e":"bookTicker","u":8507981092202,"s":"BTCUSDT","b":"112251.70","B":"11.207","a":"112251.80","A":"2.809","T":1756922380067,"E":1756922380067}
{"e":"bookTicker","u":8507981092204,"s":"BTCUSDT","b":"112251.70","B":"11.207","a":"112251.80","A":"2.810","T":1756922380067,"E":1756922380067}
{"e":"bookTicker","u":8507981092246,"s":"BTCUSDT","b":"112251.70","B":"11.206","a":"112251.80","A":"2.810","T":1756922380068,"E":1756922380068}
{"e":"bookTicker","u":8507981092254,"s":"BTCUSDT","b":"112251.70","B":"11.206","a":"112251.80","A":"2.809","T":1756922380069,"E":1756922380069}
{"e":"bookTicker","u":8507981092687,"s":"BTCUSDT","b":"112251.70","B":"11.207","a":"112251.80","A":"2.809","T":1756922380079,"E":1756922380080}
{"e":"bookTicker","u":8507981092699,"s":"BTCUSDT","b":"112251.70","B":"11.207","a":"112251.80","A":"2.810","T":1756922380080,"E":1756922380080}
{"e":"bookTicker","u":8507981092776,"s":"BTCUSDT","b":"112251.70","B":"11.207","a":"112251.80","A":"2.809","T":1756922380081,"E":1756922380082}
{"e":"bookTicker","u":8507981092777,"s":"BTCUSDT","b":"112251.70","B":"11.206","a":"112251.80","A":"2.809","T":1756922380081,"E":1756922380082}
{"e":"bookTicker","u":8507981093083,"s":"BTCUSDT","b":"112251.70","B":"11.207","a":"112251.80","A":"2.809","T":1756922380091,"E":1756922380091}
{"e":"bookTicker","u":8507981093092,"s":"BTCUSDT","b":"112251.70","B":"11.207","a":"112251.80","A":"2.810","T":1756922380091,"E":1756922380092}
{"e":"bookTicker","u":8507981093233,"s":"BTCUSDT","b":"112251.70","B":"11.206","a":"112251.80","A":"2.810","T":1756922380094,"E":1756922380094}
{"e":"bookTicker","u":8507981093240,"s":"BTCUSDT","b":"112251.70","B":"11.206","a":"112251.80","A":"2.809","T":1756922380094,"E":1756922380094}
{"e":"bookTicker","u":8507981093543,"s":"BTCUSDT","b":"112251.70","B":"11.207","a":"112251.80","A":"2.809","T":1756922380103,"E":1756922380103}
{"e":"bookTicker","u":8507981093548,"s":"BTCUSDT","b":"112251.70","B":"11.207","a":"112251.80","A":"2.810","T":1756922380103,"E":1756922380104}
{"e":"bookTicker","u":8507981093588,"s":"BTCUSDT","b":"112251.70","B":"11.207","a":"112251.80","A":"2.809","T":1756922380105,"E":1756922380105}
{"e":"bookTicker","u":8507981093603,"s":"BTCUSDT","b":"112251.70","B":"11.206","a":"112251.80","A":"2.809","T":1756922380105,"E":1756922380106}
{"e":"bookTicker","u":8507981093991,"s":"BTCUSDT","b":"112251.70","B":"11.206","a":"112251.80","A":"2.810","T":1756922380115,"E":1756922380116}
{"e":"bookTicker","u":8507981094000,"s":"BTCUSDT","b":"112251.70","B":"11.207","a":"112251.80","A":"2.810","T":1756922380116,"E":1756922380116}
{"e":"bookTicker","u":8507981094058,"s":"BTCUSDT","b":"112251.70","B":"11.206","a":"112251.80","A":"2.810","T":1756922380117,"E":1756922380117}
{"e":"bookTicker","u":8507981094065,"s":"BTCUSDT","b":"112251.70","B":"11.206","a":"112251.80","A":"2.809","T":1756922380117,"E":1756922380117}
{"e":"bookTicker","u":8507981094391,"s":"BTCUSDT","b":"112251.70","B":"11.206","a":"112251.80","A":"2.810","T":1756922380127,"E":1756922380128}
{"e":"bookTicker","u":8507981094399,"s":"BTCUSDT","b":"112251.70","B":"11.207","a":"112251.80","A":"2.810","T":1756922380128,"E":1756922380128}
{"e":"bookTicker","u":8507981094498,"s":"BTCUSDT","b":"112251.70","B":"11.207","a":"112251.80","A":"2.809","T":1756922380129,"E":1756922380129}
{"e":"bookTicker","u":8507981094507,"s":"BTCUSDT","b":"112251.70","B":"11.206","a":"112251.80","A":"2.809","T":1756922380129,"E":1756922380130}
{"e":"bookTicker","u":8507981094643,"s":"BTCUSDT","b":"112251.70","B":"11.206","a":"112251.80","A":"2.808","T":1756922380132,"E":1756922380132}
{"e":"bookTicker","u":8507981095126,"s":"BTCUSDT","b":"112251.70","B":"11.207","a":"112251.80","A":"2.808","T":1756922380140,"E":1756922380140}
{"e":"bookTicker","u":8507981095154,"s":"BTCUSDT","b":"112251.70","B":"11.207","a":"112251.80","A":"2.809","T":1756922380140,"E":1756922380140}
{"e":"bookTicker","u":8507981095283,"s":"BTCUSDT","b":"112251.70","B":"11.207","a":"112251.80","A":"2.808","T":1756922380141,"E":1756922380142}
{"e":"bookTicker","u":8507981095308,"s":"BTCUSDT","b":"112251.70","B":"11.206","a":"112251.80","A":"2.808","T":1756922380142,"E":1756922380142}
{"e":"bookTicker","u":8507981095868,"s":"BTCUSDT","b":"112251.70","B":"11.206","a":"112251.80","A":"2.809","T":1756922380151,"E":1756922380152}
{"e":"bookTicker","u":8507981095880,"s":"BTCUSDT","b":"112251.70","B":"11.207","a":"112251.80","A":"2.809","T":1756922380152,"E":1756922380152}
{"e":"bookTicker","u":8507981096016,"s":"BTCUSDT","b":"112251.70","B":"11.207","a":"112251.80","A":"2.808","T":1756922380154,"E":1756922380154}
{"e":"bookTicker","u":8507981096031,"s":"BTCUSDT","b":"112251.70","B":"11.206","a":"112251.80","A":"2.808","T":1756922380154,"E":1756922380154}
{"e":"bookTicker","u":8507981096741,"s":"BTCUSDT","b":"112251.70","B":"11.206","a":"112251.80","A":"2.812","T":1756922380162,"E":1756922380163}
{"e":"bookTicker","u":8507981096852,"s":"BTCUSDT","b":"112251.70","B":"11.206","a":"112251.80","A":"2.813","T":1756922380163,"E":1756922380164}
{"e":"bookTicker","u":8507981096854,"s":"BTCUSDT","b":"112251.70","B":"11.207","a":"112251.80","A":"2.813","T":1756922380164,"E":1756922380164}
{"e":"bookTicker","u":8507981096956,"s":"BTCUSDT","b":"112251.70","B":"11.206","a":"112251.80","A":"2.813","T":1756922380166,"E":1756922380166}
{"e":"bookTicker","u":8507981096973,"s":"BTCUSDT","b":"112251.70","B":"11.206","a":"112251.80","A":"2.812","T":1756922380166,"E":1756922380166}
{"e":"bookTicker","u":8507981097614,"s":"BTCUSDT","b":"112251.70","B":"11.206","a":"112251.80","A":"2.813","T":1756922380176,"E":1756922380176}
{"e":"bookTicker","u":8507981097625,"s":"BTCUSDT","b":"112251.70","B":"11.207","a":"112251.80","A":"2.813","T":1756922380176,"E":1756922380176}
{"e":"bookTicker","u":8507981097671,"s":"BTCUSDT","b":"112251.70","B":"11.207","a":"112251.80","A":"2.812","T":1756922380177,"E":1756922380177}
{"e":"bookTicker","u":8507981097683,"s":"BTCUSDT","b":"112251.70","B":"11.206","a":"112251.80","A":"2.812","T":1756922380177,"E":1756922380178}
{"e":"bookTicker","u":8507981098220,"s":"BTCUSDT","b":"112251.70","B":"11.206","a":"112251.80","A":"2.813","T":1756922380188,"E":1756922380188}
{"e":"bookTicker","u":8507981098231,"s":"BTCUSDT","b":"112251.70","B":"11.207","a":"112251.80","A":"2.813","T":1756922380188,"E":1756922380188}
{"e":"bookTicker","u":8507981098298,"s":"BTCUSDT","b":"112251.70","B":"11.206","a":"112251.80","A":"2.813","T":1756922380190,"E":1756922380190}
{"e":"bookTicker","u":8507981098299,"s":"BTCUSDT","b":"112251.70","B":"11.206","a":"112251.80","A":"2.812","T":1756922380190,"E":1756922380190}
{"e":"bookTicker","u":8507981098940,"s":"BTCUSDT","b":"112251.70","B":"11.207","a":"112251.80","A":"2.812","T":1756922380200,"E":1756922380200}
{"e":"bookTicker","u":8507981098955,"s":"BTCUSDT","b":"112251.70","B":"11.207","a":"112251.80","A":"2.813","T":1756922380200,"E":1756922380200}
{"e":"bookTicker","u":8507981099130,"s":"BTCUSDT","b":"112251.70","B":"11.206","a":"112251.80","A":"2.813","T":1756922380202,"E":1756922380202}
{"e":"bookTicker","u":8507981099139,"s":"BTCUSDT","b":"112251.70","B":"11.206","a":"112251.80","A":"2.812","T":1756922380202,"E":1756922380202}
{"e":"bookTicker","u":8507981099149,"s":"BTCUSDT","b":"112251.70","B":"11.206","a":"112251.80","A":"2.697","T":1756922380202,"E":1756922380202}
{"e":"bookTicker","u":8507981099290,"s":"BTCUSDT","b":"112251.70","B":"11.206","a":"112251.80","A":"2.812","T":1756922380204,"E":1756922380204}
{"e":"bookTicker","u":8507981090586,"s":"BTCUSDT","b":"112251.70","B":"11.202","a":"112251.80","A":"2.695","T":1756922380031,"E":1756922380031}
{"e":"bookTicker","u":8507981090600,"s":"BTCUSDT","b":"112251.70","B":"11.203","a":"112251.80","A":"2.695","T":1756922380031,"E":1756922380031}
{"e":"bookTicker","u":8507981090729,"s":"BTCUSDT","b":"112251.70","B":"11.203","a":"112251.80","A":"2.694","T":1756922380033,"E":1756922380033}
{"e":"bookTicker","u":8507981090745,"s":"BTCUSDT","b":"112251.70","B":"11.202","a":"112251.80","A":"2.694","T":1756922380033,"E":1756922380033}
{"e":"bookTicker","u":8507981090760,"s":"BTCUSDT","b":"112251.70","B":"11.202","a":"112251.80","A":"2.809","T":1756922380034,"E":1756922380034}
{"e":"bookTicker","u":8507981090796,"s":"BTCUSDT","b":"112251.70","B":"11.206","a":"112251.80","A":"2.809","T":1756922380034,"E":1756922380035}
{"e":"bookTicker","u":8507981090824,"s":"BTCUSDT","b":"112251.70","B":"11.206","a":"112251.80","A":"2.694","T":1756922380035,"E":1756922380035}
{"e":"bookTicker","u":8507981091226,"s":"BTCUSDT","b":"112251.70","B":"11.207","a":"112251.80","A":"2.694","T":1756922380043,"E":1756922380043}
{"e":"bookTicker","u":8507981091236,"s":"BTCUSDT","b":"112251.70","B":"11.207","a":"112251.80","A":"2.695","T":1756922380043,"E":1756922380043}
{"e":"bookTicker","u":8507981091287,"s":"BTCUSDT","b":"112251.70","B":"11.207","a":"112251.80","A":"2.810","T":1756922380045,"E":1756922380045}
{"e":"bookTicker","u":8507981091306,"s":"BTCUSDT","b":"112251.70","B":"11.207","a":"112251.80","A":"2.809","T":1756922380045,"E":1756922380045}
{"e":"bookTicker","u":8507981091314,"s":"BTCUSDT","b":"112251.70","B":"11.206","a":"112251.80","A":"2.809","T":1756922380045,"E":1756922380045}
{"e":"bookTicker","u":8507981091361,"s":"BTCUSDT","b":"112251.70","B":"11.206","a":"112251.80","A":"2.807","T":1756922380046,"E":1756922380047}
{"e":"bookTicker","u":8507981091407,"s":"BTCUSDT","b":"112251.70","B":"11.206","a":"112251.80","A":"2.809","T":1756922380047,"E":1756922380047}
{"e":"bookTicker","u":8507981091685,"s":"BTCUSDT","b":"112251.70","B":"11.207","a":"112251.80","A":"2.809","T":1756922380055,"E":1756922380055}
{"e":"bookTicker","u":8507981091691,"s":"BTCUSDT","b":"112251.70","B":"11.207","a":"112251.80","A":"2.810","T":1756922380055,"E":1756922380056}
{"e":"bookTicker","u":8507981091741,"s":"BTCUSDT","b":"112251.70","B":"11.206","a":"112251.80","A":"2.810","T":1756922380057,"E":1756922380057}
{"e":"bookTicker","u":8507981091742,"s":"BTCUSDT","b":"112251.70","B":"11.206","a":"112251.80","A":"2.809","T":1756922380057,"E":1756922380057}
{"e":"bookTicker","u":8507981092202,"s":"BTCUSDT","b":"112251.70","B":"11.207","a":"112251.80","A":"2.809","T":1756922380067,"E":1756922380067}
{"e":"bookTicker","u":8507981092204,"s":"BTCUSDT","b":"112251.70","B":"11.207","a":"112251.80","A":"2.810","T":1756922380067,"E":1756922380067}
{"e":"bookTicker","u":8507981092246,"s":"BTCUSDT","b":"112251.70","B":"11.206","a":"112251.80","A":"2.810","T":1756922380068,"E":1756922380068}
{"e":"bookTicker","u":8507981092254,"s":"BTCUSDT","b":"112251.70","B":"11.206","a":"112251.80","A":"2.809","T":1756922380069,"E":1756922380069}
{"e":"bookTicker","u":8507981092687,"s":"BTCUSDT","b":"112251.70","B":"11.207","a":"112251.80","A":"2.809","T":1756922380079,"E":1756922380080}
{"e":"bookTicker","u":8507981092699,"s":"BTCUSDT","b":"112251.70","B":"11.207","a":"112251.80","A":"2.810","T":1756922380080,"E":1756922380080}
{"e":"bookTicker","u":8507981092776,"s":"BTCUSDT","b":"112251.70","B":"11.207","a":"112251.80","A":"2.809","T":1756922380081,"E":1756922380082}
{"e":"bookTicker","u":8507981092777,"s":"BTCUSDT","b":"112251.70","B":"11.206","a":"112251.80","A":"2.809","T":1756922380081,"E":1756922380082}
{"e":"bookTicker","u":8507981093083,"s":"BTCUSDT","b":"112251.70","B":"11.207","a":"112251.80","A":"2.809","T":1756922380091,"E":1756922380091}
{"e":"bookTicker","u":8507981093092,"s":"BTCUSDT","b":"112251.70","B":"11.207","a":"112251.80","A":"2.810","T":1756922380091,"E":1756922380092}
{"e":"bookTicker","u":8507981093233,"s":"BTCUSDT","b":"112251.70","B":"11.206","a":"112251.80","A":"2.810","T":1756922380094,"E":1756922380094}
{"e":"bookTicker","u":8507981093240,"s":"BTCUSDT","b":"112251.70","B":"11.206","a":"112251.80","A":"2.809","T":1756922380094,"E":1756922380094}
{"e":"bookTicker","u":8507981093543,"s":"BTCUSDT","b":"112251.70","B":"11.207","a":"112251.80","A":"2.809","T":1756922380103,"E":1756922380103}
{"e":"bookTicker","u":8507981093548,"s":"BTCUSDT","b":"112251.70","B":"11.207","a":"112251.80","A":"2.810","T":1756922380103,"E":1756922380104}
{"e":"bookTicker","u":8507981093588,"s":"BTCUSDT","b":"112251.70","B":"11.207","a":"112251.80","A":"2.809","T":1756922380105,"E":1756922380105}
{"e":"bookTicker","u":8507981093603,"s":"BTCUSDT","b":"112251.70","B":"11.206","a":"112251.80","A":"2.809","T":1756922380105,"E":1756922380106}
{"e":"bookTicker","u":8507981099776,"s":"BTCUSDT","b":"112251.70","B":"11.207","a":"112251.80","A":"2.812","T":1756922380212,"E":1756922380212}
{"e":"bookTicker","u":8507981099796,"s":"BTCUSDT","b":"112251.70","B":"11.207","a":"112251.80","A":"2.813","T":1756922380212,"E":1756922380212}
{"e":"bookTicker","u":8507981099854,"s":"BTCUSDT","b":"112251.70","B":"11.206","a":"112251.80","A":"2.813","T":1756922380213,"E":1756922380213}
{"e":"bookTicker","u":8507981099862,"s":"BTCUSDT","b":"112251.70","B":"11.206","a":"112251.80","A":"2.812","T":1756922380214,"E":1756922380214}
{"e":"bookTicker","u":8507981100253,"s":"BTCUSDT","b":"112251.70","B":"11.206","a":"112251.80","A":"2.697","T":1756922380219,"E":1756922380219}
{"e":"bookTicker","u":8507981100386,"s":"BTCUSDT","b":"112251.70","B":"11.206","a":"112251.80","A":"2.812","T":1756922380222,"E":1756922380222}
{"e":"bookTicker","u":8507981100461,"s":"BTCUSDT","b":"112251.70","B":"11.207","a":"112251.80","A":"2.812","T":1756922380224,"E":1756922380224}
{"e":"bookTicker","u":8507981100466,"s":"BTCUSDT","b":"112251.70","B":"11.207","a":"112251.80","A":"2.810","T":1756922380224,"E":1756922380224}
{"e":"bookTicker","u":8507981100468,"s":"BTCUSDT","b":"112251.70","B":"11.207","a":"112251.80","A":"2.811","T":1756922380224,"E":1756922380224}
{"e":"bookTicker","u":8507981100484,"s":"BTCUSDT","b":"112251.70","B":"11.207","a":"112251.80","A":"2.813","T":1756922380224,"E":1756922380224}
{"e":"bookTicker","u":8507981100541,"s":"BTCUSDT","b":"112251.70","B":"11.206","a":"112251.80","A":"2.813","T":1756922380226,"E":1756922380226}
{"e":"bookTicker","u":8507981100556,"s":"BTCUSDT","b":"112251.70","B":"11.206","a":"112251.80","A":"2.812","T":1756922380226,"E":1756922380226}
{"e":"bookTicker","u":8507981101092,"s":"BTCUSDT","b":"112251.70","B":"11.206","a":"112251.80","A":"2.813","T":1756922380236,"E":1756922380236}
{"e":"bookTicker","u":8507981101109,"s":"BTCUSDT","b":"112251.70","B":"11.207","a":"112251.80","A":"2.813","T":1756922380236,"E":1756922380236}
{"e":"bookTicker","u":8507981101179,"s":"BTCUSDT","b":"112251.70","B":"11.207","a":"112251.80","A":"2.812","T":1756922380238,"E":1756922380238}
{"e":"bookTicker","u":8507981101180,"s":"BTCUSDT","b":"112251.70","B":"11.206","a":"112251.80","A":"2.812","T":1756922380238,"E":1756922380238}
{"e":"bookTicker","u":8507981101776,"s":"BTCUSDT","b":"112251.70","B":"11.207","a":"112251.80","A":"2.812","T":1756922380248,"E":1756922380248}
{"e":"bookTicker","u":8507981101777,"s":"BTCUSDT","b":"112251.70","B":"11.207","a":"112251.80","A":"2.813","T":1756922380248,"E":1756922380248}
{"e":"bookTicker","u":8507981101853,"s":"BTCUSDT","b":"112251.70","B":"11.207","a":"112251.80","A":"2.812","T":1756922380250,"E":1756922380250}
{"e":"bookTicker","u":8507981101860,"s":"BTCUSDT","b":"112251.70","B":"11.206","a":"112251.80","A":"2.812","T":1756922380250,"E":1756922380250}
{"e":"bookTicker","u":8507981102365,"s":"BTCUSDT","b":"112251.70","B":"11.206","a":"112251.80","A":"2.813","T":1756922380260,"E":1756922380260}
{"e":"bookTicker","u":8507981102373,"s":"BTCUSDT","b":"112251.70","B":"11.207","a":"112251.80","A":"2.813","T":1756922380260,"E":1756922380260}
{"e":"bookTicker","u":8507981102471,"s":"BTCUSDT","b":"112251.70","B":"11.207","a":"112251.80","A":"2.812","T":1756922380262,"E":1756922380262}
{"e":"bookTicker","u":8507981102473,"s":"BTCUSDT","b":"112251.70","B":"11.206","a":"112251.80","A":"2.812","T":1756922380262,"E":1756922380262}
{"e":"bookTicker","u":8507981102909,"s":"BTCUSDT","b":"112251.70","B":"11.207","a":"112251.80","A":"2.812","T":1756922380272,"E":1756922380272}
{"e":"bookTicker","u":8507981102915,"s":"BTCUSDT","b":"112251.70","B":"11.207","a":"112251.80","A":"2.813","T":1756922380272,"E":1756922380272}
{"e":"bookTicker","u":8507981102961,"s":"BTCUSDT","b":"112251.70","B":"11.206","a":"112251.80","A":"2.813","T":1756922380274,"E":1756922380274}
{"e":"bookTicker","u":8507981102968,"s":"BTCUSDT","b":"112251.70","B":"11.206","a":"112251.80","A":"2.812","T":1756922380274,"E":1756922380274}
{"e":"bookTicker","u":8507981103292,"s":"BTCUSDT","b":"112251.70","B":"11.207","a":"112251.80","A":"2.812","T":1756922380284,"E":1756922380284}
{"e":"bookTicker","u":8507981103300,"s":"BTCUSDT","b":"112251.70","B":"11.207","a":"112251.80","A":"2.813","T":1756922380284,"E":1756922380285}
{"e":"bookTicker","u":8507981103330,"s":"BTCUSDT","b":"112251.70","B":"11.206","a":"112251.80","A":"2.813","T":1756922380286,"E":1756922380286}
{"e":"bookTicker","u":8507981103336,"s":"BTCUSDT","b":"112251.70","B":"11.206","a":"112251.80","A":"2.812","T":1756922380286,"E":1756922380286}
{"e":"bookTicker","u":8507981103622,"s":"BTCUSDT","b":"112251.70","B":"11.207","a":"112251.80","A":"2.812","T":1756922380296,"E":1756922380296}
{"e":"bookTicker","u":8507981103629,"s":"BTCUSDT","b":"112251.70","B":"11.207","a":"112251.80","A":"2.813","T":1756922380296,"E":1756922380296}
{"e":"bookTicker","u":8507981103660,"s":"BTCUSDT","b":"112251.70","B":"11.206","a":"112251.80","A":"2.813","T":1756922380297,"E":1756922380297}
{"e":"bookTicker","u":8507981103665,"s":"BTCUSDT","b":"112251.70","B":"11.206","a":"112251.80","A":"2.812","T":1756922380297,"E":1756922380298}
{"e":"bookTicker","u":8507981104110,"s":"BTCUSDT","b":"112251.70","B":"11.206","a":"112251.80","A":"2.813","T":1756922380308,"E":1756922380308}
{"e":"bookTicker","u":8507981104120,"s":"BTCUSDT","b":"112251.70","B":"11.207","a":"112251.80","A":"2.813","T":1756922380308,"E":1756922380308}
{"e":"bookTicker","u":8507981104124,"s":"BTCUSDT","b":"112251.70","B":"11.207","a":"112251.80","A":"2.815","T":1756922380308,"E":1756922380308}
{"e":"bookTicker","u":8507981104206,"s":"BTCUSDT","b":"112251.70","B":"11.207","a":"112251.80","A":"2.814","T":1756922380310,"E":1756922380310}
{"e":"bookTicker","u":8507981104216,"s":"BTCUSDT","b":"112251.70","B":"11.206","a":"112251.80","A":"2.814","T":1756922380310,"E":1756922380310}
{"e":"bookTicker","u":8507981104529,"s":"BTCUSDT","b":"112251.70","B":"11.206","a":"112251.80","A":"2.815","T":1756922380320,"E":1756922380320}
{"e":"bookTicker","u":8507981104531,"s":"BTCUSDT","b":"112251.70","B":"11.207","a":"112251.80","A":"2.815","T":1756922380320,"E":1756922380320}
{"e":"bookTicker","u":8507981104582,"s":"BTCUSDT","b":"112251.70","B":"11.207","a":"112251.80","A":"2.814","T":1756922380321,"E":1756922380322}
{"e":"bookTicker","u":8507981104588,"s":"BTCUSDT","b":"112251.70","B":"11.206","a":"112251.80","A":"2.814","T":1756922380322,"E":1756922380322}
{"e":"bookTicker","u":8507981104999,"s":"BTCUSDT","b":"112251.70","B":"11.204","a":"112251.80","A":"2.814","T":1756922380332,"E":1756922380332}
{"e":"bookTicker","u":8507981105105,"s":"BTCUSDT","b":"112251.70","B":"11.204","a":"112251.80","A":"3.560","T":1756922380333,"E":1756922380333}
{"e":"bookTicker","u":8507981105108,"s":"BTCUSDT","b":"112251.70","B":"11.202","a":"112251.80","A":"3.560","T":1756922380333,"E":1756922380333}
{"e":"bookTicker","u":8507981105117,"s":"BTCUSDT","b":"112251.70","B":"11.202","a":"112251.80","A":"3.561","T":1756922380333,"E":1756922380333}
{"e":"bookTicker","u":8507981105137,"s":"BTCUSDT","b":"112251.70","B":"11.203","a":"112251.80","A":"3.561","T":1756922380333,"E":1756922380333}
{"e":"bookTicker","u":8507981105165,"s":"BTCUSDT","b":"112251.70","B":"11.203","a":"112251.80","A":"2.815","T":1756922380334,"E":1756922380334}
{"e":"bookTicker","u":8507981105173,"s":"BTCUSDT","b":"112251.70","B":"11.205","a":"112251.80","A":"2.815","T":1756922380334,"E":1756922380334}
{"e":"bookTicker","u":8507981105218,"s":"BTCUSDT","b":"112251.70","B":"11.205","a":"112251.80","A":"2.813","T":1756922380334,"E":1756922380335}
{"e":"bookTicker","u":8507981105243,"s":"BTCUSDT","b":"112251.70","B":"11.205","a":"112251.80","A":"2.815","T":1756922380335,"E":1756922380335}
{"e":"bookTicker","u":8507981105248,"s":"BTCUSDT","b":"112251.70","B":"11.205","a":"112251.80","A":"2.813","T":1756922380335,"E":1756922380335}
{"e":"bookTicker","u":8507981105262,"s":"BTCUSDT","b":"112251.70","B":"11.204","a":"112251.80","A":"2.813","T":1756922380335,"E":1756922380336}
{"e":"bookTicker","u":8507981105265,"s":"BTCUSDT","b":"112251.70","B":"11.204","a":"112251.80","A":"2.815","T":1756922380335,"E":1756922380336}
{"e":"bookTicker","u":8507981105273,"s":"BTCUSDT","b":"112251.70","B":"11.204","a":"112251.80","A":"2.814","T":1756922380336,"E":1756922380336}
{"e":"bookTicker","u":8507981105706,"s":"BTCUSDT","b":"112251.70","B":"11.204","a":"112251.80","A":"2.815","T":1756922380344,"E":1756922380344}
{"e":"bookTicker","u":8507981105716,"s":"BTCUSDT","b":"112251.70","B":"11.205","a":"112251.80","A":"2.815","T":1756922380344,"E":1756922380345}
{"e":"bookTicker","u":8507981105764,"s":"BTCUSDT","b":"112251.70","B":"11.205","a":"112251.80","A":"2.814","T":1756922380346,"E":1756922380346}
{"e":"bookTicker","u":8507981105781,"s":"BTCUSDT","b":"112251.70","B":"11.204","a":"112251.80","A":"2.814","T":1756922380346,"E":1756922380346}
{"e":"bookTicker","u":8507981106197,"s":"BTCUSDT","b":"112251.70","B":"11.204","a":"112251.80","A":"2.815","T":1756922380356,"E":1756922380356}
{"e":"bookTicker","u":8507981106199,"s":"BTCUSDT","b":"112251.70","B":"11.205","a":"112251.80","A":"2.815","T":1756922380356,"E":1756922380356}
{"e":"bookTicker","u":8507981106268,"s":"BTCUSDT","b":"112251.70","B":"11.204","a":"112251.80","A":"2.815","T":1756922380358,"E":1756922380358}
{"e":"bookTicker","u":8507981106272,"s":"BTCUSDT","b":"112251.70","B":"11.204","a":"112251.80","A":"2.814","T":1756922380358,"E":1756922380358}
{"e":"bookTicker","u":8507981106709,"s":"BTCUSDT","b":"112251.70","B":"11.205","a":"112251.80","A":"2.814","T":1756922380368,"E":1756922380368}
{"e":"bookTicker","u":8507981106716,"s":"BTCUSDT","b":"112251.70","B":"11.205","a":"112251.80","A":"2.815","T":1756922380368,"E":1756922380369}
{"e":"bookTicker","u":8507981106812,"s":"BTCUSDT","b":"112251.70","B":"11.205","a":"112251.80","A":"2.814","T":1756922380370,"E":1756922380370}
{"e":"bookTicker","u":8507981106821,"s":"BTCUSDT","b":"112251.70","B":"11.204","a":"112251.80","A":"2.814","T":1756922380370,"E":1756922380370}
{"e":"bookTicker","u":8507981107298,"s":"BTCUSDT","b":"112251.70","B":"11.204","a":"112251.80","A":"2.815","T":1756922380380,"E":1756922380380}
{"e":"bookTicker","u":8507981107304,"s":"BTCUSDT","b":"112251.70","B":"11.205","a":"112251.80","A":"2.815","T":1756922380380,"E":1756922380381}
{"e":"bookTicker","u":8507981107353,"s":"BTCUSDT","b":"112251.70","B":"11.205","a":"112251.80","A":"2.814","T":1756922380382,"E":1756922380382}
{"e":"bookTicker","u":8507981107358,"s":"BTCUSDT","b":"112251.70","B":"11.204","a":"112251.80","A":"2.814","T":1756922380382,"E":1756922380382}
{"e":"bookTicker","u":8507981107438,"s":"BTCUSDT","b":"112251.70","B":"11.204","a":"112251.80","A":"3.560","T":1756922380383,"E":1756922380384}
{"e":"bookTicker","u":8507981107476,"s":"BTCUSDT","b":"112251.70","B":"11.204","a":"112251.80","A":"3.558","T":1756922380385,"E":1756922380385}
{"e":"bookTicker","u":8507981107479,"s":"BTCUSDT","b":"112251.70","B":"11.204","a":"112251.80","A":"2.812","T":1756922380385,"E":1756922380385}
{"e":"bookTicker","u":8507981107496,"s":"BTCUSDT","b":"112251.70","B":"11.204","a":"112251.80","A":"2.814","T":1756922380385,"E":1756922380386}
{"e":"bookTicker","u":8507981107612,"s":"BTCUSDT","b":"112251.70","B":"11.204","a":"112251.80","A":"3.560","T":1756922380388,"E":1756922380389}
{"e":"bookTicker","u":8507981107735,"s":"BTCUSDT","b":"112251.70","B":"11.205","a":"112251.80","A":"3.560","T":1756922380392,"E":1756922380392}
{"e":"bookTicker","u":8507981107738,"s":"BTCUSDT","b":"112251.70","B":"11.205","a":"112251.80","A":"3.561","T":1756922380392,"E":1756922380393}
{"e":"bookTicker","u":8507981107779,"s":"BTCUSDT","b":"112251.70","B":"11.205","a":"112251.80","A":"3.559","T":1756922380394,"E":1756922380394}
{"e":"bookTicker","u":8507981107796,"s":"BTCUSDT","b":"112251.70","B":"11.205","a":"112251.80","A":"3.561","T":1756922380394,"E":1756922380394}
{"e":"bookTicker","u":8507981107848,"s":"BTCUSDT","b":"112251.70","B":"11.204","a":"112251.80","A":"3.561","T":1756922380396,"E":1756922380396}
{"e":"bookTicker","u":8507981107849,"s":"BTCUSDT","b":"112251.70","B":"11.204","a":"112251.80","A":"3.560","T":1756922380396,"E":1756922380396}
{"e":"bookTicker","u":8507981108079,"s":"BTCUSDT","b":"112251.70","B":"11.202","a":"112251.80","A":"3.560","T":1756922380402,"E":1756922380402}
{"e":"bookTicker","u":8507981108158,"s":"BTCUSDT","b":"112251.70","B":"11.202","a":"112251.80","A":"3.561","T":1756922380404,"E":1756922380404}
{"e":"bookTicker","u":8507981108170,"s":"BTCUSDT","b":"112251.70","B":"11.203","a":"112251.80","A":"3.561","T":1756922380404,"E":1756922380405}
{"e":"bookTicker","u":8507981108254,"s":"BTCUSDT","b":"112251.70","B":"11.203","a":"112251.80","A":"3.560","T":1756922380406,"E":1756922380407}
{"e":"bookTicker","u":8507981108255,"s":"BTCUSDT","b":"112251.70","B":"11.202","a":"112251.80","A":"3.560","T":1756922380406,"E":1756922380407}
{"e":"bookTicker","u":8507981108597,"s":"BTCUSDT","b":"112251.70","B":"11.202","a":"112251.80","A":"3.561","T":1756922380416,"E":1756922380417}
{"e":"bookTicker","u":8507981108606,"s":"BTCUSDT","b":"112251.70","B":"11.203","a":"112251.80","A":"3.561","T":1756922380417,"E":1756922380417}
{"e":"bookTicker","u":8507981108728,"s":"BTCUSDT","b":"112251.70","B":"11.203","a":"112251.80","A":"3.560","T":1756922380418,"E":1756922380419}
{"e":"bookTicker","u":8507981108738,"s":"BTCUSDT","b":"112251.70","B":"11.202","a":"112251.80","A":"3.560","T":1756922380419,"E":1756922380419}
{"e":"bookTicker","u":8507981109114,"s":"BTCUSDT","b":"112251.70","B":"11.203","a":"112251.80","A":"3.560","T":1756922380429,"E":1756922380429}
{"e":"bookTicker","u":8507981109115,"s":"BTCUSDT","b":"112251.70","B":"11.203","a":"112251.80","A":"3.561","T":1756922380429,"E":1756922380429}
{"e":"bookTicker","u":8507981109168,"s":"BTCUSDT","b":"112251.70","B":"11.202","a":"112251.80","A":"3.561","T":1756922380430,"E":1756922380431}
{"e":"bookTicker","u":8507981109173,"s":"BTCUSDT","b":"112251.70","B":"11.202","a":"112251.80","A":"3.560","T":1756922380431,"E":1756922380431}
{"e":"bookTicker","u":8507981109306,"s":"BTCUSDT","b":"112251.70","B":"11.201","a":"112251.80","A":"3.560","T":1756922380433,"E":1756922380433}
{"e":"bookTicker","u":8507981109426,"s":"BTCUSDT","b":"112251.70","B":"11.202","a":"112251.80","A":"3.560","T":1756922380436,"E":1756922380436}
{"e":"bookTicker","u":8507981109534,"s":"BTCUSDT","b":"112251.70","B":"11.202","a":"112251.80","A":"3.561","T":1756922380440,"E":1756922380441}
{"e":"bookTicker","u":8507981109539,"s":"BTCUSDT","b":"112251.70","B":"11.203","a":"112251.80","A":"3.561","T":1756922380441,"E":1756922380441}
{"e":"bookTicker","u":8507981109598,"s":"BTCUSDT","b":"112251.70","B":"11.203","a":"112251.80","A":"3.560","T":1756922380443,"E":1756922380443}
{"e":"bookTicker","u":8507981109605,"s":"BTCUSDT","b":"112251.70","B":"11.202","a":"112251.80","A":"3.560","T":1756922380443,"E":1756922380443}
{"e":"bookTicker","u":8507981110026,"s":"BTCUSDT","b":"112251.70","B":"11.202","a":"112251.80","A":"3.561","T":1756922380452,"E":1756922380453}
{"e":"bookTicker","u":8507981110033,"s":"BTCUSDT","b":"112251.70","B":"11.203","a":"112251.80","A":"3.561","T":1756922380453,"E":1756922380453}
{"e":"bookTicker","u":8507981110089,"s":"BTCUSDT","b":"112251.70","B":"11.202","a":"112251.80","A":"3.561","T":1756922380454,"E":1756922380454}
{"e":"bookTicker","u":8507981110102,"s":"BTCUSDT","b":"112251.70","B":"11.202","a":"112251.80","A":"3.560","T":1756922380454,"E":1756922380454}
{"e":"bookTicker","u":8507981110404,"s":"BTCUSDT","b":"112251.70","B":"11.202","a":"112251.80","A":"3.561","T":1756922380465,"E":1756922380465}
{"e":"bookTicker","u":8507981110412,"s":"BTCUSDT","b":"112251.70","B":"11.203","a":"112251.80","A":"3.561","T":1756922380465,"E":1756922380465}
{"e":"bookTicker","u":8507981110488,"s":"BTCUSDT","b":"112251.70","B":"11.202","a":"112251.80","A":"3.561","T":1756922380466,"E":1756922380467}
{"e":"bookTicker","u":8507981110504,"s":"BTCUSDT","b":"112251.70","B":"11.202","a":"112251.80","A":"3.560","T":1756922380466,"E":1756922380467}
{"e":"bookTicker","u":8507981110942,"s":"BTCUSDT","b":"112251.70","B":"11.203","a":"112251.80","A":"3.560","T":1756922380476,"E":1756922380477}
{"e":"bookTicker","u":8507981110949,"s":"BTCUSDT","b":"112251.70","B":"11.203","a":"112251.80","A":"3.561","T":1756922380477,"E":1756922380477}
{"e":"bookTicker","u":8507981111065,"s":"BTCUSDT","b":"112251.70","B":"11.202","a":"112251.80","A":"3.561","T":1756922380478,"E":1756922380478}
{"e":"bookTicker","u":8507981111072,"s":"BTCUSDT","b":"112251.70","B":"11.202","a":"112251.80","A":"3.560","T":1756922380478,"E":1756922380479}
{"e":"bookTicker","u":8507981111438,"s":"BTCUSDT","b":"112251.70","B":"11.202","a":"112251.80","A":"2.814","T":1756922380487,"E":1756922380488}
{"e":"bookTicker","u":8507981111468,"s":"BTCUSDT","b":"112251.70","B":"11.203","a":"112251.80","A":"2.814","T":1756922380489,"E":1756922380489}
{"e":"bookTicker","u":8507981111476,"s":"BTCUSDT","b":"112251.70","B":"11.203","a":"112251.80","A":"2.815","T":1756922380489,"E":1756922380489}
{"e":"bookTicker","u":8507981111516,"s":"BTCUSDT","b":"112251.70","B":"11.203","a":"112251.80","A":"2.813","T":1756922380490,"E":1756922380490}
{"e":"bookTicker","u":8507981111531,"s":"BTCUSDT","b":"112251.70","B":"11.202","a":"112251.80","A":"2.813","T":1756922380490,"E":1756922380490}
{"e":"bookTicker","u":8507981111550,"s":"BTCUSDT","b":"112251.70","B":"11.204","a":"112251.80","A":"2.813","T":1756922380490,"E":1756922380491}
{"e":"bookTicker","u":8507981111561,"s":"BTCUSDT","b":"112251.70","B":"11.204","a":"112251.80","A":"2.812","T":1756922380491,"E":1756922380491}
{"e":"bookTicker","u":8507981111613,"s":"BTCUSDT","b":"112251.70","B":"11.204","a":"112251.80","A":"2.814","T":1756922380491,"E":1756922380491}
{"e":"bookTicker","u":8507981111754,"s":"BTCUSDT","b":"112251.70","B":"11.202","a":"112251.80","A":"2.814","T":1756922380496,"E":1756922380496}
{"e":"bookTicker","u":8507981111791,"s":"BTCUSDT","b":"112251.70","B":"11.202","a":"112251.80","A":"2.699","T":1756922380497,"E":1756922380497}
{"e":"bookTicker","u":8507981111912,"s":"BTCUSDT","b":"112251.70","B":"11.202","a":"112251.80","A":"2.814","T":1756922380498,"E":1756922380499}
{"e":"bookTicker","u":8507981112171,"s":"BTCUSDT","b":"112251.70","B":"11.202","a":"112251.80","A":"2.815","T":1756922380501,"E":1756922380501}
{"e":"bookTicker","u":8507981112192,"s":"BTCUSDT","b":"112251.70","B":"11.203","a":"112251.80","A":"2.815","T":1756922380501,"E":1756922380501}
{"e":"bookTicker","u":8507981112324,"s":"BTCUSDT","b":"112251.70","B":"11.203","a":"112251.80","A":"2.814","T":1756922380503,"E":1756922380503}
{"e":"bookTicker","u":8507981112351,"s":"BTCUSDT","b":"112251.70","B":"11.202","a":"112251.80","A":"2.814","T":1756922380503,"E":1756922380503}
{"e":"bookTicker","u":8507981112555,"s":"BTCUSDT","b":"112251.70","B":"11.227","a":"112251.80","A":"2.814","T":1756922380507,"E":1756922380507}
{"e":"bookTicker","u":8507981112582,"s":"BTCUSDT","b":"112251.70","B":"11.229","a":"112251.80","A":"2.814","T":1756922380508,"E":1756922380508}
{"e":"bookTicker","u":8507981112836,"s":"BTCUSDT","b":"112251.70","B":"11.229","a":"112251.80","A":"2.815","T":1756922380513,"E":1756922380513}
{"e":"bookTicker","u":8507981112844,"s":"BTCUSDT","b":"112251.70","B":"11.230","a":"112251.80","A":"2.815","T":1756922380513,"E":1756922380513}
{"e":"bookTicker","u":8507981112954,"s":"BTCUSDT","b":"112251.70","B":"11.230","a":"112251.80","A":"2.814","T":1756922380515,"E":1756922380516}
{"e":"bookTicker","u":8507981112962,"s":"BTCUSDT","b":"112251.70","B":"11.229","a":"112251.80","A":"2.814","T":1756922380516,"E":1756922380516}
{"e":"bookTicker","u":8507981113324,"s":"BTCUSDT","b":"112251.70","B":"11.230","a":"112251.80","A":"2.814","T":1756922380525,"E":1756922380525}
{"e":"bookTicker","u":8507981113332,"s":"BTCUSDT","b":"112251.70","B":"11.230","a":"112251.80","A":"2.815","T":1756922380525,"E":1756922380525}
{"e":"bookTicker","u":8507981113388,"s":"BTCUSDT","b":"112251.70","B":"11.229","a":"112251.80","A":"2.815","T":1756922380527,"E":1756922380527}
{"e":"bookTicker","u":8507981113393,"s":"BTCUSDT","b":"112251.70","B":"11.229","a":"112251.80","A":"2.814","T":1756922380527,"E":1756922380527}
{"e":"bookTicker","u":8507981113757,"s":"BTCUSDT","b":"112251.70","B":"11.230","a":"112251.80","A":"2.814","T":1756922380537,"E":1756922380537}
{"e":"bookTicker","u":8507981113765,"s":"BTCUSDT","b":"112251.70","B":"11.230","a":"112251.80","A":"2.815","T":1756922380537,"E":1756922380537}
{"e":"bookTicker","u":8507981113816,"s":"BTCUSDT","b":"112251.70","B":"11.229","a":"112251.80","A":"2.815","T":1756922380539,"E":1756922380539}
{"e":"bookTicker","u":8507981113820,"s":"BTCUSDT","b":"112251.70","B":"11.229","a":"112251.80","A":"2.814","T":1756922380539,"E":1756922380539}
{"e":"bookTicker","u":8507981113946,"s":"BTCUSDT","b":"112251.70","B":"11.223","a":"112251.80","A":"2.814","T":1756922380543,"E":1756922380543}
{"e":"bookTicker","u":8507981093991,"s":"BTCUSDT","b":"112251.70","B":"11.206","a":"112251.80","A":"2.810","T":1756922380115,"E":1756922380116}
{"e":"bookTicker","u":8507981094000,"s":"BTCUSDT","b":"112251.70","B":"11.207","a":"112251.80","A":"2.810","T":1756922380116,"E":1756922380116}
{"e":"bookTicker","u":8507981094058,"s":"BTCUSDT","b":"112251.70","B":"11.206","a":"112251.80","A":"2.810","T":1756922380117,"E":1756922380117}
{"e":"bookTicker","u":8507981094065,"s":"BTCUSDT","b":"112251.70","B":"11.206","a":"112251.80","A":"2.809","T":1756922380117,"E":1756922380117}
{"e":"bookTicker","u":8507981094391,"s":"BTCUSDT","b":"112251.70","B":"11.206","a":"112251.80","A":"2.810","T":1756922380127,"E":1756922380128}
{"e":"bookTicker","u":8507981094399,"s":"BTCUSDT","b":"112251.70","B":"11.207","a":"112251.80","A":"2.810","T":1756922380128,"E":1756922380128}
{"e":"bookTicker","u":8507981094498,"s":"BTCUSDT","b":"112251.70","B":"11.207","a":"112251.80","A":"2.809","T":1756922380129,"E":1756922380129}
{"e":"bookTicker","u":8507981094507,"s":"BTCUSDT","b":"112251.70","B":"11.206","a":"112251.80","A":"2.809","T":1756922380129,"E":1756922380130}
{"e":"bookTicker","u":8507981094643,"s":"BTCUSDT","b":"112251.70","B":"11.206","a":"112251.80","A":"2.808","T":1756922380132,"E":1756922380132}
{"e":"bookTicker","u":8507981095126,"s":"BTCUSDT","b":"112251.70","B":"11.207","a":"112251.80","A":"2.808","T":1756922380140,"E":1756922380140}
{"e":"bookTicker","u":8507981095154,"s":"BTCUSDT","b":"112251.70","B":"11.207","a":"112251.80","A":"2.809","T":1756922380140,"E":1756922380140}
{"e":"bookTicker","u":8507981095283,"s":"BTCUSDT","b":"112251.70","B":"11.207","a":"112251.80","A":"2.808","T":1756922380141,"E":1756922380142}
{"e":"bookTicker","u":8507981095308,"s":"BTCUSDT","b":"112251.70","B":"11.206","a":"112251.80","A":"2.808","T":1756922380142,"E":1756922380142}
{"e":"bookTicker","u":8507981095868,"s":"BTCUSDT","b":"112251.70","B":"11.206","a":"112251.80","A":"2.809","T":1756922380151,"E":1756922380152}
{"e":"bookTicker","u":8507981095880,"s":"BTCUSDT","b":"112251.70","B":"11.207","a":"112251.80","A":"2.809","T":1756922380152,"E":1756922380152}
{"e":"bookTicker","u":8507981096016,"s":"BTCUSDT","b":"112251.70","B":"11.207","a":"112251.80","A":"2.808","T":1756922380154,"E":1756922380154}
{"e":"bookTicker","u":8507981096031,"s":"BTCUSDT","b":"112251.70","B":"11.206","a":"112251.80","A":"2.808","T":1756922380154,"E":1756922380154}
{"e":"bookTicker","u":8507981096741,"s":"BTCUSDT","b":"112251.70","B":"11.206","a":"112251.80","A":"2.812","T":1756922380162,"E":1756922380163}
{"e":"bookTicker","u":8507981096852,"s":"BTCUSDT","b":"112251.70","B":"11.206","a":"112251.80","A":"2.813","T":1756922380163,"E":1756922380164}
{"e":"bookTicker","u":8507981096854,"s":"BTCUSDT","b":"112251.70","B":"11.207","a":"112251.80","A":"2.813","T":1756922380164,"E":1756922380164}
{"e":"bookTicker","u":8507981096956,"s":"BTCUSDT","b":"112251.70","B":"11.206","a":"112251.80","A":"2.813","T":1756922380166,"E":1756922380166}
{"e":"bookTicker","u":8507981096973,"s":"BTCUSDT","b":"112251.70","B":"11.206","a":"112251.80","A":"2.812","T":1756922380166,"E":1756922380166}
{"e":"bookTicker","u":8507981097614,"s":"BTCUSDT","b":"112251.70","B":"11.206","a":"112251.80","A":"2.813","T":1756922380176,"E":1756922380176}
{"e":"bookTicker","u":8507981097625,"s":"BTCUSDT","b":"112251.70","B":"11.207","a":"112251.80","A":"2.813","T":1756922380176,"E":1756922380176}
{"e":"bookTicker","u":8507981097671,"s":"BTCUSDT","b":"112251.70","B":"11.207","a":"112251.80","A":"2.812","T":1756922380177,"E":1756922380177}
{"e":"bookTicker","u":8507981097683,"s":"BTCUSDT","b":"112251.70","B":"11.206","a":"112251.80","A":"2.812","T":1756922380177,"E":1756922380178}
{"e":"bookTicker","u":8507981098220,"s":"BTCUSDT","b":"112251.70","B":"11.206","a":"112251.80","A":"2.813","T":1756922380188,"E":1756922380188}
{"e":"bookTicker","u":8507981098231,"s":"BTCUSDT","b":"112251.70","B":"11.207","a":"112251.80","A":"2.813","T":1756922380188,"E":1756922380188}
{"e":"bookTicker","u":8507981098298,"s":"BTCUSDT","b":"112251.70","B":"11.206","a":"112251.80","A":"2.813","T":1756922380190,"E":1756922380190}
{"e":"bookTicker","u":8507981098299,"s":"BTCUSDT","b":"112251.70","B":"11.206","a":"112251.80","A":"2.812","T":1756922380190,"E":1756922380190}
{"e":"bookTicker","u":8507981098940,"s":"BTCUSDT","b":"112251.70","B":"11.207","a":"112251.80","A":"2.812","T":1756922380200,"E":1756922380200}
{"e":"bookTicker","u":8507981098955,"s":"BTCUSDT","b":"112251.70","B":"11.207","a":"112251.80","A":"2.813","T":1756922380200,"E":1756922380200}
{"e":"bookTicker","u":8507981099130,"s":"BTCUSDT","b":"112251.70","B":"11.206","a":"112251.80","A":"2.813","T":1756922380202,"E":1756922380202}
{"e":"bookTicker","u":8507981099139,"s":"BTCUSDT","b":"112251.70","B":"11.206","a":"112251.80","A":"2.812","T":1756922380202,"E":1756922380202}
{"e":"bookTicker","u":8507981099149,"s":"BTCUSDT","b":"112251.70","B":"11.206","a":"112251.80","A":"2.697","T":1756922380202,"E":1756922380202}
{"e":"bookTicker","u":8507981099290,"s":"BTCUSDT","b":"112251.70","B":"11.206","a":"112251.80","A":"2.812","T":1756922380204,"E":1756922380204}
{"e":"bookTicker","u":8507981114203,"s":"BTCUSDT","b":"112251.70","B":"11.224","a":"112251.80","A":"2.814","T":1756922380549,"E":1756922380549}
{"e":"bookTicker","u":8507981114209,"s":"BTCUSDT","b":"112251.70","B":"11.224","a":"112251.80","A":"2.815","T":1756922380549,"E":1756922380549}
{"e":"bookTicker","u":8507981114252,"s":"BTCUSDT","b":"112251.70","B":"11.224","a":"112251.80","A":"2.814","T":1756922380551,"E":1756922380551}
{"e":"bookTicker","u":8507981114256,"s":"BTCUSDT","b":"112251.70","B":"11.223","a":"112251.80","A":"2.814","T":1756922380551,"E":1756922380551}
{"e":"bookTicker","u":8507981114673,"s":"BTCUSDT","b":"112251.70","B":"11.224","a":"112251.80","A":"2.814","T":1756922380561,"E":1756922380561}
{"e":"bookTicker","u":8507981114682,"s":"BTCUSDT","b":"112251.70","B":"11.224","a":"112251.80","A":"2.815","T":1756922380561,"E":1756922380561}
{"e":"bookTicker","u":8507981114758,"s":"BTCUSDT","b":"112251.70","B":"11.224","a":"112251.80","A":"2.814","T":1756922380563,"E":1756922380563}
{"e":"bookTicker","u":8507981114761,"s":"BTCUSDT","b":"112251.70","B":"11.223","a":"112251.80","A":"2.814","T":1756922380563,"E":1756922380563}
{"e":"bookTicker","u":8507981115096,"s":"BTCUSDT","b":"112251.70","B":"11.223","a":"112251.80","A":"2.815","T":1756922380573,"E":1756922380573}
{"e":"bookTicker","u":8507981115104,"s":"BTCUSDT","b":"112251.70","B":"11.224","a":"112251.80","A":"2.815","T":1756922380573,"E":1756922380573}
{"e":"bookTicker","u":8507981115188,"s":"BTCUSDT","b":"112251.70","B":"11.223","a":"112251.80","A":"2.815","T":1756922380576,"E":1756922380576}
{"e":"bookTicker","u":8507981115189,"s":"BTCUSDT","b":"112251.70","B":"11.223","a":"112251.80","A":"2.814","T":1756922380576,"E":1756922380576}
{"e":"bookTicker","u":8507981115363,"s":"BTCUSDT","b":"112251.70","B":"11.223","a":"112251.80","A":"2.773","T":1756922380582,"E":1756922380582}
{"e":"bookTicker","u":8507981115431,"s":"BTCUSDT","b":"112251.70","B":"11.221","a":"112251.80","A":"2.773","T":1756922380584,"E":1756922380585}
{"e":"bookTicker","u":8507981115445,"s":"BTCUSDT","b":"112251.70","B":"11.221","a":"112251.80","A":"2.774","T":1756922380585,"E":1756922380585}
{"e":"bookTicker","u":8507981115450,"s":"BTCUSDT","b":"112251.70","B":"11.222","a":"112251.80","A":"2.774","T":1756922380585,"E":1756922380585}
{"e":"bookTicker","u":8507981115490,"s":"BTCUSDT","b":"112251.70","B":"11.222","a":"112251.80","A":"2.773","T":1756922380586,"E":1756922380587}
{"e":"bookTicker","u":8507981115497,"s":"BTCUSDT","b":"112251.70","B":"11.221","a":"112251.80","A":"2.773","T":1756922380587,"E":1756922380587}
{"e":"bookTicker","u":8507981115783,"s":"BTCUSDT","b":"112251.70","B":"11.222","a":"112251.80","A":"2.773","T":1756922380597,"E":1756922380597}
{"e":"bookTicker","u":8507981115790,"s":"BTCUSDT","b":"112251.70","B":"11.222","a":"112251.80","A":"2.774","T":1756922380597,"E":1756922380597}
{"e":"bookTicker","u":8507981115817,"s":"BTCUSDT","b":"112251.70","B":"11.221","a":"112251.80","A":"2.774","T":1756922380598,"E":1756922380599}
{"e":"bookTicker","u":8507981115821,"s":"BTCUSDT","b":"112251.70","B":"11.221","a":"112251.80","A":"2.773","T":1756922380599,"E":1756922380599}
{"e":"bookTicker","u":8507981116188,"s":"BTCUSDT","b":"112251.70","B":"11.221","a":"112251.80","A":"2.774","T":1756922380609,"E":1756922380609}
{"e":"bookTicker","u":8507981116189,"s":"BTCUSDT","b":"112251.70","B":"11.222","a":"112251.80","A":"2.774","T":1756922380609,"E":1756922380609}
{"e":"bookTicker","u":8507981116268,"s":"BTCUSDT","b":"112251.70","B":"11.221","a":"112251.80","A":"2.774","T":1756922380612,"E":1756922380612}
{"e":"bookTicker","u":8507981116272,"s":"BTCUSDT","b":"112251.70","B":"11.221","a":"112251.80","A":"2.773","T":1756922380612,"E":1756922380612}
{"e":"bookTicker","u":8507981116583,"s":"BTCUSDT","b":"112251.70","B":"11.221","a":"112251.80","A":"2.774","T":1756922380621,"E":1756922380622}
{"e":"bookTicker","u":8507981116584,"s":"BTCUSDT","b":"112251.70","B":"11.222","a":"112251.80","A":"2.774","T":1756922380621,"E":1756922380622}
{"e":"bookTicker","u":8507981116637,"s":"BTCUSDT","b":"112251.70","B":"11.222","a":"112251.80","A":"2.773","T":1756922380623,"E":1756922380623}
{"e":"bookTicker","u":8507981116656,"s":"BTCUSDT","b":"112251.70","B":"11.221","a":"112251.80","A":"2.773","T":1756922380623,"E":1756922380624}
{"e":"bookTicker","u":8507981116962,"s":"BTCUSDT","b":"112251.70","B":"11.221","a":"112251.80","A":"2.774","T":1756922380633,"E":1756922380633}
{"e":"bookTicker","u":8507981116969,"s":"BTCUSDT","b":"112251.70","B":"11.222","a":"112251.80","A":"2.774","T":1756922380633,"E":1756922380634}
{"e":"bookTicker","u":8507981116999,"s":"BTCUSDT","b":"112251.70","B":"11.222","a":"112251.80","A":"2.773","T":1756922380635,"E":1756922380635}
{"e":"bookTicker","u":8507981117002,"s":"BTCUSDT","b":"112251.70","B":"11.221","a":"112251.80","A":"2.773","T":1756922380635,"E":1756922380635}
{"e":"bookTicker","u":8507981117260,"s":"BTCUSDT","b":"112251.70","B":"11.222","a":"112251.80","A":"2.773","T":1756922380645,"E":1756922380645}
{"e":"bookTicker","u":8507981117266,"s":"BTCUSDT","b":"112251.70","B":"11.222","a":"112251.80","A":"2.774","T":1756922380645,"E":1756922380646}
{"e":"bookTicker","u":8507981117297,"s":"BTCUSDT","b":"112251.70","B":"11.221","a":"112251.80","A":"2.774","T":1756922380647,"E":1756922380647}
{"e":"bookTicker","u":8507981117299,"s":"BTCUSDT","b":"112251.70","B":"11.221","a":"112251.80","A":"2.773","T":1756922380647,"E":1756922380647}
{"e":"bookTicker","u":8507981117595,"s":"BTCUSDT","b":"112251.70","B":"11.222","a":"112251.80","A":"2.773","T":1756922380657,"E":1756922380657}
{"e":"bookTicker","u":8507981117606,"s":"BTCUSDT","b":"112251.70","B":"11.222","a":"112251.80","A":"2.774","T":1756922380657,"E":1756922380658}
{"e":"bookTicker","u":8507981117635,"s":"BTCUSDT","b":"112251.70","B":"11.221","a":"112251.80","A":"2.774","T":1756922380658,"E":1756922380659}
{"e":"bookTicker","u":8507981117642,"s":"BTCUSDT","b":"112251.70","B":"11.221","a":"112251.80","A":"2.773","T":1756922380659,"E":1756922380659}
{"e":"bookTicker","u":8507981117955,"s":"BTCUSDT","b":"112251.70","B":"11.222","a":"112251.80","A":"2.773","T":1756922380669,"E":1756922380669}
{"e":"bookTicker","u":8507981117958,"s":"BTCUSDT","b":"112251.70","B":"11.222","a":"112251.80","A":"2.774","T":1756922380669,"E":1756922380670}
{"e":"bookTicker","u":8507981118027,"s":"BTCUSDT","b":"112251.70","B":"11.222","a":"112251.80","A":"2.773","T":1756922380672,"E":1756922380672}
{"e":"bookTicker","u":8507981118044,"s":"BTCUSDT","b":"112251.70","B":"11.221","a":"112251.80","A":"2.773","T":1756922380672,"E":1756922380672}
{"e":"bookTicker","u":8507981118287,"s":"BTCUSDT","b":"112251.70","B":"11.221","a":"112251.80","A":"2.774","T":1756922380681,"E":1756922380681}
{"e":"bookTicker","u":8507981118293,"s":"BTCUSDT","b":"112251.70","B":"11.222","a":"112251.80","A":"2.774","T":1756922380681,"E":1756922380682}
{"e":"bookTicker","u":8507981118353,"s":"BTCUSDT","b":"112251.70","B":"11.222","a":"112251.80","A":"2.773","T":1756922380683,"E":1756922380683}
{"e":"bookTicker","u":8507981118360,"s":"BTCUSDT","b":"112251.70","B":"11.221","a":"112251.80","A":"2.773","T":1756922380683,"E":1756922380684}
{"e":"bookTicker","u":8507981118597,"s":"BTCUSDT","b":"112251.70","B":"11.221","a":"112251.80","A":"2.774","T":1756922380693,"E":1756922380694}
{"e":"bookTicker","u":8507981118607,"s":"BTCUSDT","b":"112251.70","B":"11.222","a":"112251.80","A":"2.774","T":1756922380693,"E":1756922380694}
{"e":"bookTicker","u":8507981118661,"s":"BTCUSDT","b":"112251.70","B":"11.222","a":"112251.80","A":"2.773","T":1756922380695,"E":1756922380695}
{"e":"bookTicker","u":8507981118674,"s":"BTCUSDT","b":"112251.70","B":"11.221","a":"112251.80","A":"2.773","T":1756922380695,"E":1756922380696}
{"e":"bookTicker","u":8507981119081,"s":"BTCUSDT","b":"112251.70","B":"11.222","a":"112251.80","A":"2.773","T":1756922380705,"E":1756922380706}
{"e":"bookTicker","u":8507981119089,"s":"BTCUSDT","b":"112251.70","B":"11.222","a":"112251.80","A":"2.774","T":1756922380706,"E":1756922380706}
{"e":"bookTicker","u":8507981119123,"s":"BTCUSDT","b":"112251.70","B":"11.222","a":"112251.80","A":"2.773","T":1756922380707,"E":1756922380707}
{"e":"bookTicker","u":8507981119124,"s":"BTCUSDT","b":"112251.70","B":"11.221","a":"112251.80","A":"2.773","T":1756922380707,"E":1756922380707}
{"e":"bookTicker","u":8507981119390,"s":"BTCUSDT","b":"112251.70","B":"11.217","a":"112251.80","A":"2.773","T":1756922380716,"E":1756922380716}
{"e":"bookTicker","u":8507981119396,"s":"BTCUSDT","b":"112251.70","B":"11.213","a":"112251.80","A":"2.773","T":1756922380716,"E":1756922380716}
{"e":"bookTicker","u":8507981119452,"s":"BTCUSDT","b":"112251.70","B":"11.214","a":"112251.80","A":"2.773","T":1756922380717,"E":1756922380718}
{"e":"bookTicker","u":8507981119463,"s":"BTCUSDT","b":"112251.70","B":"11.214","a":"112251.80","A":"2.774","T":1756922380718,"E":1756922380718}
{"e":"bookTicker","u":8507981119558,"s":"BTCUSDT","b":"112251.70","B":"11.214","a":"112251.80","A":"2.773","T":1756922380719,"E":1756922380719}
{"e":"bookTicker","u":8507981119559,"s":"BTCUSDT","b":"112251.70","B":"11.213","a":"112251.80","A":"2.773","T":1756922380719,"E":1756922380719}
{"e":"bookTicker","u":8507981120121,"s":"BTCUSDT","b":"112251.70","B":"11.213","a":"112251.80","A":"2.774","T":1756922380729,"E":1756922380730}
{"e":"bookTicker","u":8507981120132,"s":"BTCUSDT","b":"112251.70","B":"11.214","a":"112251.80","A":"2.774","T":1756922380730,"E":1756922380730}
{"e":"bookTicker","u":8507981120281,"s":"BTCUSDT","b":"112251.70","B":"11.214","a":"112251.80","A":"2.773","T":1756922380731,"E":1756922380731}
{"e":"bookTicker","u":8507981120317,"s":"BTCUSDT","b":"112251.70","B":"11.213","a":"112251.80","A":"2.773","T":1756922380732,"E":1756922380732}
{"e":"bookTicker","u":8507981120909,"s":"BTCUSDT","b":"112251.70","B":"11.213","a":"112251.80","A":"2.774","T":1756922380742,"E":1756922380742}
{"e":"bookTicker","u":8507981120913,"s":"BTCUSDT","b":"112251.70","B":"11.214","a":"112251.80","A":"2.774","T":1756922380742,"E":1756922380742}
{"e":"bookTicker","u":8507981120986,"s":"BTCUSDT","b":"112251.70","B":"11.214","a":"112251.80","A":"2.773","T":1756922380744,"E":1756922380744}
{"e":"bookTicker","u":8507981120991,"s":"BTCUSDT","b":"112251.70","B":"11.213","a":"112251.80","A":"2.773","T":1756922380744,"E":1756922380744}
{"e":"bookTicker","u":8507981121388,"s":"BTCUSDT","b":"112251.70","B":"11.214","a":"112251.80","A":"2.773","T":1756922380754,"E":1756922380754}
{"e":"bookTicker","u":8507981121401,"s":"BTCUSDT","b":"112251.70","B":"11.214","a":"112251.80","A":"2.774","T":1756922380754,"E":1756922380754}
{"e":"bookTicker","u":8507981121452,"s":"BTCUSDT","b":"112251.70","B":"11.213","a":"112251.80","A":"2.774","T":1756922380756,"E":1756922380756}
{"e":"bookTicker","u":8507981121478,"s":"BTCUSDT","b":"112251.70","B":"11.213","a":"112251.80","A":"2.773","T":1756922380756,"E":1756922380756}
{"e":"bookTicker","u":8507981121885,"s":"BTCUSDT","b":"112251.70","B":"11.213","a":"112251.80","A":"2.774","T":1756922380766,"E":1756922380766}
{"e":"bookTicker","u":8507981121888,"s":"BTCUSDT","b":"112251.70","B":"11.214","a":"112251.80","A":"2.774","T":1756922380766,"E":1756922380766}
{"e":"bookTicker","u":8507981121937,"s":"BTCUSDT","b":"112251.70","B":"11.214","a":"112251.80","A":"2.773","T":1756922380767,"E":1756922380767}
{"e":"bookTicker","u":8507981121965,"s":"BTCUSDT","b":"112251.70","B":"11.213","a":"112251.80","A":"2.773","T":1756922380767,"E":1756922380768}
{"e":"bookTicker","u":8507981122348,"s":"BTCUSDT","b":"112251.70","B":"11.213","a":"112251.80","A":"2.774","T":1756922380778,"E":1756922380778}
{"e":"bookTicker","u":8507981122359,"s":"BTCUSDT","b":"112251.70","B":"11.214","a":"112251.80","A":"2.774","T":1756922380778,"E":1756922380778}
{"e":"bookTicker","u":8507981122429,"s":"BTCUSDT","b":"112251.70","B":"11.214","a":"112251.80","A":"2.773","T":1756922380780,"E":1756922380780}
{"e":"bookTicker","u":8507981122438,"s":"BTCUSDT","b":"112251.70","B":"11.213","a":"112251.80","A":"2.773","T":1756922380780,"E":1756922380780}
{"e":"bookTicker","u":8507981122706,"s":"BTCUSDT","b":"112251.70","B":"11.214","a":"112251.80","A":"2.773","T":1756922380790,"E":1756922380790}
{"e":"bookTicker","u":8507981122710,"s":"BTCUSDT","b":"112251.70","B":"11.214","a":"112251.80","A":"2.774","T":1756922380790,"E":1756922380790}
{"e":"bookTicker","u":8507981122747,"s":"BTCUSDT","b":"112251.70","B":"11.213","a":"112251.80","A":"2.774","T":1756922380791,"E":1756922380792}
{"e":"bookTicker","u":8507981122760,"s":"BTCUSDT","b":"112251.70","B":"11.213","a":"112251.80","A":"2.773","T":1756922380792,"E":1756922380792}
{"e":"bookTicker","u":8507981123137,"s":"BTCUSDT","b":"112251.70","B":"11.214","a":"112251.80","A":"2.773","T":1756922380802,"E":1756922380802}
{"e":"bookTicker","u":8507981123146,"s":"BTCUSDT","b":"112251.70","B":"11.214","a":"112251.80","A":"2.774","T":1756922380802,"E":1756922380802}
{"e":"bookTicker","u":8507981123200,"s":"BTCUSDT","b":"112251.70","B":"11.213","a":"112251.80","A":"2.774","T":1756922380804,"E":1756922380804}
{"e":"bookTicker","u":8507981123221,"s":"BTCUSDT","b":"112251.70","B":"11.213","a":"112251.80","A":"2.773","T":1756922380804,"E":1756922380804}
{"e":"bookTicker","u":8507981123707,"s":"BTCUSDT","b":"112251.70","B":"11.214","a":"112251.80","A":"2.773","T":1756922380814,"E":1756922380814}
{"e":"bookTicker","u":8507981123713,"s":"BTCUSDT","b":"112251.70","B":"11.214","a":"112251.80","A":"2.774","T":1756922380814,"E":1756922380814}
{"e":"bookTicker","u":8507981123772,"s":"BTCUSDT","b":"112251.70","B":"11.213","a":"112251.80","A":"2.774","T":1756922380816,"E":1756922380816}
{"e":"bookTicker","u":8507981123785,"s":"BTCUSDT","b":"112251.70","B":"11.213","a":"112251.80","A":"2.773","T":1756922380816,"E":1756922380816}
{"e":"bookTicker","u":8507981124141,"s":"BTCUSDT","b":"112251.70","B":"11.213","a":"112251.80","A":"2.774","T":1756922380826,"E":1756922380826}
{"e":"bookTicker","u":8507981124164,"s":"BTCUSDT","b":"112251.70","B":"11.214","a":"112251.80","A":"2.774","T":1756922380826,"E":1756922380826}
{"e":"bookTicker","u":8507981124213,"s":"BTCUSDT","b":"112251.70","B":"11.214","a":"112251.80","A":"2.773","T":1756922380827,"E":1756922380827}
{"e":"bookTicker","u":8507981124226,"s":"BTCUSDT","b":"112251.70","B":"11.213","a":"112251.80","A":"2.773","T":1756922380828,"E":1756922380828}
{"e":"bookTicker","u":8507981124647,"s":"BTCUSDT","b":"112251.70","B":"11.214","a":"112251.80","A":"2.773","T":1756922380838,"E":1756922380838}
{"e":"bookTicker","u":8507981124651,"s":"BTCUSDT","b":"112251.70","B":"11.214","a":"112251.80","A":"2.774","T":1756922380838,"E":1756922380838}
{"e":"bookTicker","u":8507981124700,"s":"BTCUSDT","b":"112251.70","B":"11.214","a":"112251.80","A":"2.773","T":1756922380840,"E":1756922380840}
{"e":"bookTicker","u":8507981124705,"s":"BTCUSDT","b":"112251.70","B":"11.213","a":"112251.80","A":"2.773","T":1756922380840,"E":1756922380840}
{"e":"bookTicker","u":8507981124946,"s":"BTCUSDT","b":"112251.70","B":"11.214","a":"112251.80","A":"2.773","T":1756922380850,"E":1756922380850}
{"e":"bookTicker","u":8507981124947,"s":"BTCUSDT","b":"112251.70","B":"11.214","a":"112251.80","A":"2.774","T":1756922380850,"E":1756922380850}
{"e":"bookTicker","u":8507981125043,"s":"BTCUSDT","b":"112251.70","B":"11.213","a":"112251.80","A":"2.774","T":1756922380852,"E":1756922380852}
{"e":"bookTicker","u":8507981125045,"s":"BTCUSDT","b":"112251.70","B":"11.213","a":"112251.80","A":"2.773","T":1756922380852,"E":1756922380852}
{"e":"bookTicker","u":8507981125435,"s":"BTCUSDT","b":"112251.70","B":"11.213","a":"112251.80","A":"2.774","T":1756922380862,"E":1756922380862}
{"e":"bookTicker","u":8507981125436,"s":"BTCUSDT","b":"112251.70","B":"11.214","a":"112251.80","A":"2.774","T":1756922380862,"E":1756922380862}
{"e":"bookTicker","u":8507981125485,"s":"BTCUSDT","b":"112251.70","B":"11.213","a":"112251.80","A":"2.774","T":1756922380864,"E":1756922380864}
{"e":"bookTicker","u":8507981125489,"s":"BTCUSDT","b":"112251.70","B":"11.213","a":"112251.80","A":"2.773","T":1756922380864,"E":1756922380864}
{"e":"bookTicker","u":8507981125765,"s":"BTCUSDT","b":"112251.70","B":"11.213","a":"112251.80","A":"2.774","T":1756922380874,"E":1756922380874}
{"e":"bookTicker","u":8507981125773,"s":"BTCUSDT","b":"112251.70","B":"11.214","a":"112251.80","A":"2.774","T":1756922380874,"E":1756922380874}
{"e":"bookTicker","u":8507981125827,"s":"BTCUSDT","b":"112251.70","B":"11.214","a":"112251.80","A":"2.773","T":1756922380876,"E":1756922380876}
{"e":"bookTicker","u":8507981125834,"s":"BTCUSDT","b":"112251.70","B":"11.213","a":"112251.80","A":"2.773","T":1756922380876,"E":1756922380876}
{"e":"bookTicker","u":8507981126084,"s":"BTCUSDT","b":"112251.70","B":"11.214","a":"112251.80","A":"2.773","T":1756922380886,"E":1756922380886}
{"e":"bookTicker","u":8507981126097,"s":"BTCUSDT","b":"112251.70","B":"11.214","a":"112251.80","A":"2.774","T":1756922380886,"E":1756922380887}
{"e":"bookTicker","u":8507981126135,"s":"BTCUSDT","b":"112251.70","B":"11.213","a":"112251.80","A":"2.774","T":1756922380888,"E":1756922380888}
{"e":"bookTicker","u":8507981126144,"s":"BTCUSDT","b":"112251.70","B":"11.213","a":"112251.80","A":"2.773","T":1756922380888,"E":1756922380888}
{"e":"bookTicker","u":8507981126397,"s":"BTCUSDT","b":"112251.70","B":"11.214","a":"112251.80","A":"2.773","T":1756922380898,"E":1756922380898}
{"e":"bookTicker","u":8507981126404,"s":"BTCUSDT","b":"112251.70","B":"11.214","a":"112251.80","A":"2.774","T":1756922380898,"E":1756922380898}
{"e":"bookTicker","u":8507981126460,"s":"BTCUSDT","b":"112251.70","B":"11.213","a":"112251.80","A":"2.774","T":1756922380900,"E":1756922380900}
{"e":"bookTicker","u":8507981126476,"s":"BTCUSDT","b":"112251.70","B":"11.213","a":"112251.80","A":"2.773","T":1756922380900,"E":1756922380900}
{"e":"bookTicker","u":8507981126895,"s":"BTCUSDT","b":"112251.70","B":"11.213","a":"112251.80","A":"2.774","T":1756922380910,"E":1756922380910}
{"e":"bookTicker","u":8507981126897,"s":"BTCUSDT","b":"112251.70","B":"11.214","a":"112251.80","A":"2.774","T":1756922380910,"E":1756922380910}
{"e":"bookTicker","u":8507981126932,"s":"BTCUSDT","b":"112251.70","B":"11.214","a":"112251.80","A":"2.773","T":1756922380912,"E":1756922380913}
{"e":"bookTicker","u":8507981126933,"s":"BTCUSDT","b":"112251.70","B":"11.213","a":"112251.80","A":"2.773","T":1756922380912,"E":1756922380913}
{"e":"bookTicker","u":8507981127293,"s":"BTCUSDT","b":"112251.70","B":"11.214","a":"112251.80","A":"2.773","T":1756922380923,"E":1756922380923}
{"e":"bookTicker","u":8507981127296,"s":"BTCUSDT","b":"112251.70","B":"11.214","a":"112251.80","A":"2.774","T":1756922380923,"E":1756922380923}
{"e":"bookTicker","u":8507981127389,"s":"BTCUSDT","b":"112251.70","B":"11.214","a":"112251.80","A":"2.773","T":1756922380925,"E":1756922380925}
{"e":"bookTicker","u":8507981127394,"s":"BTCUSDT","b":"112251.70","B":"11.213","a":"112251.80","A":"2.773","T":1756922380925,"E":1756922380925}
{"e":"bookTicker","u":8507981127748,"s":"BTCUSDT","b":"112251.70","B":"11.213","a":"112251.80","A":"2.774","T":1756922380934,"E":1756922380934}
{"e":"bookTicker","u":8507981127753,"s":"BTCUSDT","b":"112251.70","B":"11.214","a":"112251.80","A":"2.774","T":1756922380934,"E":1756922380935}
{"e":"bookTicker","u":8507981127836,"s":"BTCUSDT","b":"112251.70","B":"11.214","a":"112251.80","A":"2.773","T":1756922380937,"E":1756922380937}
{"e":"bookTicker","u":8507981127844,"s":"BTCUSDT","b":"112251.70","B":"11.213","a":"112251.80","A":"2.773","T":1756922380937,"E":1756922380937}
{"e":"bookTicker","u":8507981128171,"s":"BTCUSDT","b":"112251.70","B":"11.214","a":"112251.80","A":"2.773","T":1756922380946,"E":1756922380946}
{"e":"bookTicker","u":8507981128174,"s":"BTCUSDT","b":"112251.70","B":"11.214","a":"112251.80","A":"2.774","T":1756922380946,"E":1756922380947}
{"e":"bookTicker","u":8507981128231,"s":"BTCUSDT","b":"112251.70","B":"11.214","a":"112251.80","A":"2.773","T":1756922380948,"E":1756922380948}
{"e":"bookTicker","u":8507981128235,"s":"BTCUSDT","b":"112251.70","B":"11.213","a":"112251.80","A":"2.773","T":1756922380948,"E":1756922380948}
{"e":"bookTicker","u":8507981128575,"s":"BTCUSDT","b":"112251.70","B":"11.213","a":"112251.80","A":"2.774","T":1756922380958,"E":1756922380959}
{"e":"bookTicker","u":8507981128582,"s":"BTCUSDT","b":"112251.70","B":"11.214","a":"112251.80","A":"2.774","T":1756922380959,"E":1756922380959}
{"e":"bookTicker","u":8507981128621,"s":"BTCUSDT","b":"112251.70","B":"11.214","a":"112251.80","A":"2.773","T":1756922380960,"E":1756922380960}
{"e":"bookTicker","u":8507981128629,"s":"BTCUSDT","b":"112251.70","B":"11.213","a":"112251.80","A":"2.773","T":1756922380960,"E":1756922380961}
{"e":"bookTicker","u":8507981128871,"s":"BTCUSDT","b":"112251.70","B":"11.214","a":"112251.80","A":"2.773","T":1756922380971,"E":1756922380971}
{"e":"bookTicker","u":8507981128879,"s":"BTCUSDT","b":"112251.70","B":"11.214","a":"112251.80","A":"2.774","T":1756922380971,"E":1756922380971}
{"e":"bookTicker","u":8507981128930,"s":"BTCUSDT","b":"112251.70","B":"11.214","a":"112251.80","A":"2.773","T":1756922380973,"E":1756922380973}
{"e":"bookTicker","u":8507981128938,"s":"BTCUSDT","b":"112251.70","B":"11.213","a":"112251.80","A":"2.773","T":1756922380973,"E":1756922380973}
{"e":"bookTicker","u":8507981129231,"s":"BTCUSDT","b":"112251.70","B":"11.213","a":"112251.80","A":"2.774","T":1756922380982,"E":1756922380983}
{"e":"bookTicker","u":8507981129237,"s":"BTCUSDT","b":"112251.70","B":"11.214","a":"112251.80","A":"2.774","T":1756922380983,"E":1756922380983}
{"e":"bookTicker","u":8507981129294,"s":"BTCUSDT","b":"112251.70","B":"11.214","a":"112251.80","A":"2.773","T":1756922380985,"E":1756922380985}
{"e":"bookTicker","u":8507981129298,"s":"BTCUSDT","b":"112251.70","B":"11.213","a":"112251.80","A":"2.773","T":1756922380985,"E":1756922380985}
{"e":"bookTicker","u":8507981129639,"s":"BTCUSDT","b":"112251.70","B":"11.213","a":"112251.80","A":"2.774","T":1756922380994,"E":1756922380995}
{"e":"bookTicker","u":8507981129653,"s":"BTCUSDT","b":"112251.70","B":"11.214","a":"112251.80","A":"2.774","T":1756922380995,"E":1756922380995}
{"e":"bookTicker","u":8507981129704,"s":"BTCUSDT","b":"112251.70","B":"11.213","a":"112251.80","A":"2.774","T":1756922380996,"E":1756922380997}
{"e":"bookTicker","u":8507981129710,"s":"BTCUSDT","b":"112251.70","B":"11.213","a":"112251.80","A":"2.773","T":1756922380997,"E":1756922380997}
{"e":"bookTicker","u":8507981130173,"s":"BTCUSDT","b":"112251.70","B":"11.213","a":"112251.80","A":"2.774","T":1756922381007,"E":1756922381007}
{"e":"bookTicker","u":8507981130174,"s":"BTCUSDT","b":"112251.70","B":"11.214","a":"112251.80","A":"2.774","T":1756922381007,"E":1756922381007}
{"e":"bookTicker","u":8507981130243,"s":"BTCUSDT","b":"112251.70","B":"11.213","a":"112251.80","A":"2.774","T":1756922381009,"E":1756922381009}
{"e":"bookTicker","u":8507981130254,"s":"BTCUSDT","b":"112251.70","B":"11.213","a":"112251.80","A":"2.773","T":1756922381009,"E":1756922381009}
{"e":"bookTicker","u":8507981130680,"s":"BTCUSDT","b":"112251.70","B":"11.213","a":"112251.80","A":"2.774","T":1756922381019,"E":1756922381019}
{"e":"bookTicker","u":8507981130687,"s":"BTCUSDT","b":"112251.70","B":"11.214","a":"112251.80","A":"2.774","T":1756922381019,"E":1756922381019}
{"e":"bookTicker","u":8507981130736,"s":"BTCUSDT","b":"112251.70","B":"11.214","a":"112251.80","A":"2.773","T":1756922381021,"E":1756922381021}
{"e":"bookTicker","u":8507981130753,"s":"BTCUSDT","b":"112251.70","B":"11.213","a":"112251.80","A":"2.773","T":1756922381021,"E":1756922381021}
{"e":"bookTicker","u":8507981131001,"s":"BTCUSDT","b":"112251.70","B":"11.213","a":"112251.80","A":"3.519","T":1756922381026,"E":1756922381026}
{"e":"bookTicker","u":8507981131184,"s":"BTCUSDT","b":"112251.70","B":"11.213","a":"112251.80","A":"3.517","T":1756922381028,"E":1756922381028}
{"e":"bookTicker","u":8507981131250,"s":"BTCUSDT","b":"112251.70","B":"11.213","a":"112251.80","A":"4.041","T":1756922381028,"E":1756922381029}
{"e":"bookTicker","u":8507981131294,"s":"BTCUSDT","b":"112251.70","B":"11.213","a":"112251.80","A":"4.043","T":1756922381029,"E":1756922381029}
{"e":"bookTicker","u":8507981131337,"s":"BTCUSDT","b":"112251.70","B":"11.211","a":"112251.80","A":"4.043","T":1756922381029,"E":1756922381029}
{"e":"bookTicker","u":8507981131355,"s":"BTCUSDT","b":"112251.70","B":"11.211","a":"112251.80","A":"4.084","T":1756922381029,"E":1756922381029}
{"e":"bookTicker","u":8507981131668,"s":"BTCUSDT","b":"112251.70","B":"11.211","a":"112251.80","A":"3.560","T":1756922381030,"E":1756922381030}
{"e":"bookTicker","u":8507981131894,"s":"BTCUSDT","b":"112251.70","B":"11.211","a":"112251.80","A":"3.561","T":1756922381031,"E":1756922381031}
{"e":"bookTicker","u":8507981131941,"s":"BTCUSDT","b":"112251.70","B":"11.212","a":"112251.80","A":"3.561","T":1756922381031,"E":1756922381031}
{"e":"bookTicker","u":8507981132294,"s":"BTCUSDT","b":"112251.70","B":"11.212","a":"112251.80","A":"3.559","T":1756922381033,"E":1756922381034}
{"e":"bookTicker","u":8507981132333,"s":"BTCUSDT","b":"112251.70","B":"11.212","a":"112251.80","A":"3.558","T":1756922381033,"E":1756922381034}
{"e":"bookTicker","u":8507981132353,"s":"BTCUSDT","b":"112251.70","B":"11.212","a":"112251.80","A":"3.560","T":1756922381034,"E":1756922381034}
{"e":"bookTicker","u":8507981132369,"s":"BTCUSDT","b":"112251.70","B":"11.211","a":"112251.80","A":"3.560","T":1756922381034,"E":1756922381034}
{"e":"bookTicker","u":8507981133135,"s":"BTCUSDT","b":"112251.70","B":"11.212","a":"112251.80","A":"3.560","T":1756922381043,"E":1756922381043}
{"e":"bookTicker","u":8507981133136,"s":"BTCUSDT","b":"112251.70","B":"11.212","a":"112251.80","A":"3.561","T":1756922381043,"E":1756922381043}
{"e":"bookTicker","u":8507981133207,"s":"BTCUSDT","b":"112251.70","B":"11.212","a":"112251.80","A":"3.560","T":1756922381045,"E":1756922381045}
{"e":"bookTicker","u":8507981133213,"s":"BTCUSDT","b":"112251.70","B":"11.211","a":"112251.80","A":"3.560","T":1756922381045,"E":1756922381045}
{"e":"bookTicker","u":8507981133619,"s":"BTCUSDT","b":"112251.70","B":"11.211","a":"112251.80","A":"3.561","T":1756922381055,"E":1756922381055}
{"e":"bookTicker","u":8507981133621,"s":"BTCUSDT","b":"112251.70","B":"11.212","a":"112251.80","A":"3.561","T":1756922381055,"E":1756922381055}
{"e":"bookTicker","u":8507981133732,"s":"BTCUSDT","b":"112251.70","B":"11.212","a":"112251.80","A":"3.560","T":1756922381057,"E":1756922381057}
{"e":"bookTicker","u":8507981133733,"s":"BTCUSDT","b":"112251.70","B":"11.211","a":"112251.80","A":"3.560","T":1756922381057,"E":1756922381057}
{"e":"bookTicker","u":8507981134186,"s":"BTCUSDT","b":"112251.70","B":"11.212","a":"112251.80","A":"3.560","T":1756922381067,"E":1756922381067}
{"e":"bookTicker","u":8507981134195,"s":"BTCUSDT","b":"112251.70","B":"11.212","a":"112251.80","A":"3.561","T":1756922381067,"E":1756922381067}
{"e":"bookTicker","u":8507981134251,"s":"BTCUSDT","b":"112251.70","B":"11.211","a":"112251.80","A":"3.561","T":1756922381068,"E":1756922381068}
{"e":"bookTicker","u":8507981134259,"s":"BTCUSDT","b":"112251.70","B":"11.209","a":"112251.80","A":"3.561","T":1756922381068,"E":1756922381069}
{"e":"bookTicker","u":8507981134261,"s":"BTCUSDT","b":"112251.70","B":"11.211","a":"112251.80","A":"3.561","T":1756922381068,"E":1756922381069}
{"e":"bookTicker","u":8507981134263,"s":"BTCUSDT","b":"112251.70","B":"11.211","a":"112251.80","A":"3.560","T":1756922381068,"E":1756922381069}
{"e":"bookTicker","u":8507981134711,"s":"BTCUSDT","b":"112251.70","B":"11.212","a":"112251.80","A":"3.560","T":1756922381079,"E":1756922381079}
{"e":"bookTicker","u":8507981134722,"s":"BTCUSDT","b":"112251.70","B":"11.212","a":"112251.80","A":"3.561","T":1756922381079,"E":1756922381079}
{"e":"bookTicker","u":8507981134845,"s":"BTCUSDT","b":"112251.70","B":"11.211","a":"112251.80","A":"3.561","T":1756922381080,"E":1756922381080}
{"e":"bookTicker","u":8507981134881,"s":"BTCUSDT","b":"112251.70","B":"11.211","a":"112251.80","A":"3.560","T":1756922381081,"E":1756922381081}
{"e":"bookTicker","u":8507981135496,"s":"BTCUSDT","b":"112251.70","B":"11.211","a":"112251.80","A":"3.561","T":1756922381091,"E":1756922381091}
{"e":"bookTicker","u":8507981135508,"s":"BTCUSDT","b":"112251.70","B":"11.212","a":"112251.80","A":"3.561","T":1756922381091,"E":1756922381091}
{"e":"bookTicker","u":8507981135609,"s":"BTCUSDT","b":"112251.70","B":"11.212","a":"112251.80","A":"3.560","T":1756922381093,"E":1756922381093}
{"e":"bookTicker","u":8507981135619,"s":"BTCUSDT","b":"112251.70","B":"11.211","a":"112251.80","A":"3.560","T":1756922381093,"E":1756922381093}
{"e":"bookTicker","u":8507981135842,"s":"BTCUSDT","b":"112251.70","B":"11.202","a":"112251.80","A":"3.560","T":1756922381097,"E":1756922381098}
{"e":"bookTicker","u":8507981136099,"s":"BTCUSDT","b":"112251.70","B":"11.202","a":"112251.80","A":"3.562","T":1756922381100,"E":1756922381101}
{"e":"bookTicker","u":8507981136207,"s":"BTCUSDT","b":"112251.70","B":"11.212","a":"112251.80","A":"3.562","T":1756922381101,"E":1756922381102}
{"e":"bookTicker","u":8507981136421,"s":"BTCUSDT","b":"112251.70","B":"11.213","a":"112251.80","A":"3.562","T":1756922381103,"E":1756922381103}
{"e":"bookTicker","u":8507981136444,"s":"BTCUSDT","b":"112251.70","B":"11.213","a":"112251.80","A":"3.563","T":1756922381103,"E":1756922381103}
{"e":"bookTicker","u":8507981136604,"s":"BTCUSDT","b":"112251.70","B":"11.212","a":"112251.80","A":"3.563","T":1756922381105,"E":1756922381105}
{"e":"bookTicker","u":8507981099776,"s":"BTCUSDT","b":"112251.70","B":"11.207","a":"112251.80","A":"2.812","T":1756922380212,"E":1756922380212}
{"e":"bookTicker","u":8507981099796,"s":"BTCUSDT","b":"112251.70","B":"11.207","a":"112251.80","A":"2.813","T":1756922380212,"E":1756922380212}
{"e":"bookTicker","u":8507981099854,"s":"BTCUSDT","b":"112251.70","B":"11.206","a":"112251.80","A":"2.813","T":1756922380213,"E":1756922380213}
{"e":"bookTicker","u":8507981099862,"s":"BTCUSDT","b":"112251.70","B":"11.206","a":"112251.80","A":"2.812","T":1756922380214,"E":1756922380214}
{"e":"bookTicker","u":8507981100253,"s":"BTCUSDT","b":"112251.70","B":"11.206","a":"112251.80","A":"2.697","T":1756922380219,"E":1756922380219}
{"e":"bookTicker","u":8507981100386,"s":"BTCUSDT","b":"112251.70","B":"11.206","a":"112251.80","A":"2.812","T":1756922380222,"E":1756922380222}
{"e":"bookTicker","u":8507981100461,"s":"BTCUSDT","b":"112251.70","B":"11.207","a":"112251.80","A":"2.812","T":1756922380224,"E":1756922380224}
{"e":"bookTicker","u":8507981100466,"s":"BTCUSDT","b":"112251.70","B":"11.207","a":"112251.80","A":"2.810","T":1756922380224,"E":1756922380224}
{"e":"bookTicker","u":8507981100468,"s":"BTCUSDT","b":"112251.70","B":"11.207","a":"112251.80","A":"2.811","T":1756922380224,"E":1756922380224}
{"e":"bookTicker","u":8507981100484,"s":"BTCUSDT","b":"112251.70","B":"11.207","a":"112251.80","A":"2.813","T":1756922380224,"E":1756922380224}
{"e":"bookTicker","u":8507981100541,"s":"BTCUSDT","b":"112251.70","B":"11.206","a":"112251.80","A":"2.813","T":1756922380226,"E":1756922380226}
{"e":"bookTicker","u":8507981100556,"s":"BTCUSDT","b":"112251.70","B":"11.206","a":"112251.80","A":"2.812","T":1756922380226,"E":1756922380226}
{"e":"bookTicker","u":8507981101092,"s":"BTCUSDT","b":"112251.70","B":"11.206","a":"112251.80","A":"2.813","T":1756922380236,"E":1756922380236}
{"e":"bookTicker","u":8507981101109,"s":"BTCUSDT","b":"112251.70","B":"11.207","a":"112251.80","A":"2.813","T":1756922380236,"E":1756922380236}
{"e":"bookTicker","u":8507981101179,"s":"BTCUSDT","b":"112251.70","B":"11.207","a":"112251.80","A":"2.812","T":1756922380238,"E":1756922380238}
{"e":"bookTicker","u":8507981101180,"s":"BTCUSDT","b":"112251.70","B":"11.206","a":"112251.80","A":"2.812","T":1756922380238,"E":1756922380238}
{"e":"bookTicker","u":8507981101776,"s":"BTCUSDT","b":"112251.70","B":"11.207","a":"112251.80","A":"2.812","T":1756922380248,"E":1756922380248}
{"e":"bookTicker","u":8507981101777,"s":"BTCUSDT","b":"112251.70","B":"11.207","a":"112251.80","A":"2.813","T":1756922380248,"E":1756922380248}
{"e":"bookTicker","u":8507981101853,"s":"BTCUSDT","b":"112251.70","B":"11.207","a":"112251.80","A":"2.812","T":1756922380250,"E":1756922380250}
{"e":"bookTicker","u":8507981101860,"s":"BTCUSDT","b":"112251.70","B":"11.206","a":"112251.80","A":"2.812","T":1756922380250,"E":1756922380250}
{"e":"bookTicker","u":8507981102365,"s":"BTCUSDT","b":"112251.70","B":"11.206","a":"112251.80","A":"2.813","T":1756922380260,"E":1756922380260}
{"e":"bookTicker","u":8507981102373,"s":"BTCUSDT","b":"112251.70","B":"11.207","a":"112251.80","A":"2.813","T":1756922380260,"E":1756922380260}
{"e":"bookTicker","u":8507981102471,"s":"BTCUSDT","b":"112251.70","B":"11.207","a":"112251.80","A":"2.812","T":1756922380262,"E":1756922380262}
{"e":"bookTicker","u":8507981102473,"s":"BTCUSDT","b":"112251.70","B":"11.206","a":"112251.80","A":"2.812","T":1756922380262,"E":1756922380262}
{"e":"bookTicker","u":8507981102909,"s":"BTCUSDT","b":"112251.70","B":"11.207","a":"112251.80","A":"2.812","T":1756922380272,"E":1756922380272}
{"e":"bookTicker","u":8507981102915,"s":"BTCUSDT","b":"112251.70","B":"11.207","a":"112251.80","A":"2.813","T":1756922380272,"E":1756922380272}
{"e":"bookTicker","u":8507981102961,"s":"BTCUSDT","b":"112251.70","B":"11.206","a":"112251.80","A":"2.813","T":1756922380274,"E":1756922380274}
{"e":"bookTicker","u":8507981102968,"s":"BTCUSDT","b":"112251.70","B":"11.206","a":"112251.80","A":"2.812","T":1756922380274,"E":1756922380274}
{"e":"bookTicker","u":8507981103292,"s":"BTCUSDT","b":"112251.70","B":"11.207","a":"112251.80","A":"2.812","T":1756922380284,"E":1756922380284}
{"e":"bookTicker","u":8507981103300,"s":"BTCUSDT","b":"112251.70","B":"11.207","a":"112251.80","A":"2.813","T":1756922380284,"E":1756922380285}
{"e":"bookTicker","u":8507981103330,"s":"BTCUSDT","b":"112251.70","B":"11.206","a":"112251.80","A":"2.813","T":1756922380286,"E":1756922380286}
{"e":"bookTicker","u":8507981103336,"s":"BTCUSDT","b":"112251.70","B":"11.206","a":"112251.80","A":"2.812","T":1756922380286,"E":1756922380286}
{"e":"bookTicker","u":8507981103622,"s":"BTCUSDT","b":"112251.70","B":"11.207","a":"112251.80","A":"2.812","T":1756922380296,"E":1756922380296}
{"e":"bookTicker","u":8507981103629,"s":"BTCUSDT","b":"112251.70","B":"11.207","a":"112251.80","A":"2.813","T":1756922380296,"E":1756922380296}
{"e":"bookTicker","u":8507981103660,"s":"BTCUSDT","b":"112251.70","B":"11.206","a":"112251.80","A":"2.813","T":1756922380297,"E":1756922380297}
{"e":"bookTicker","u":8507981103665,"s":"BTCUSDT","b":"112251.70","B":"11.206","a":"112251.80","A":"2.812","T":1756922380297,"E":1756922380298}
{"e":"bookTicker","u":8507981104110,"s":"BTCUSDT","b":"112251.70","B":"11.206","a":"112251.80","A":"2.813","T":1756922380308,"E":1756922380308}
{"e":"bookTicker","u":8507981104120,"s":"BTCUSDT","b":"112251.70","B":"11.207","a":"112251.80","A":"2.813","T":1756922380308,"E":1756922380308}
{"e":"bookTicker","u":8507981104124,"s":"BTCUSDT","b":"112251.70","B":"11.207","a":"112251.80","A":"2.815","T":1756922380308,"E":1756922380308}
{"e":"bookTicker","u":8507981104206,"s":"BTCUSDT","b":"112251.70","B":"11.207","a":"112251.80","A":"2.814","T":1756922380310,"E":1756922380310}
{"e":"bookTicker","u":8507981104216,"s":"BTCUSDT","b":"112251.70","B":"11.206","a":"112251.80","A":"2.814","T":1756922380310,"E":1756922380310}
{"e":"bookTicker","u":8507981104529,"s":"BTCUSDT","b":"112251.70","B":"11.206","a":"112251.80","A":"2.815","T":1756922380320,"E":1756922380320}
{"e":"bookTicker","u":8507981104531,"s":"BTCUSDT","b":"112251.70","B":"11.207","a":"112251.80","A":"2.815","T":1756922380320,"E":1756922380320}
{"e":"bookTicker","u":8507981104582,"s":"BTCUSDT","b":"112251.70","B":"11.207","a":"112251.80","A":"2.814","T":1756922380321,"E":1756922380322}
{"e":"bookTicker","u":8507981104588,"s":"BTCUSDT","b":"112251.70","B":"11.206","a":"112251.80","A":"2.814","T":1756922380322,"E":1756922380322}
{"e":"bookTicker","u":8507981104999,"s":"BTCUSDT","b":"112251.70","B":"11.204","a":"112251.80","A":"2.814","T":1756922380332,"E":1756922380332}
{"e":"bookTicker","u":8507981105105,"s":"BTCUSDT","b":"112251.70","B":"11.204","a":"112251.80","A":"3.560","T":1756922380333,"E":1756922380333}
{"e":"bookTicker","u":8507981105108,"s":"BTCUSDT","b":"112251.70","B":"11.202","a":"112251.80","A":"3.560","T":1756922380333,"E":1756922380333}
{"e":"bookTicker","u":8507981105117,"s":"BTCUSDT","b":"112251.70","B":"11.202","a":"112251.80","A":"3.561","T":1756922380333,"E":1756922380333}
{"e":"bookTicker","u":8507981105137,"s":"BTCUSDT","b":"112251.70","B":"11.203","a":"112251.80","A":"3.561","T":1756922380333,"E":1756922380333}
{"e":"bookTicker","u":8507981105165,"s":"BTCUSDT","b":"112251.70","B":"11.203","a":"112251.80","A":"2.815","T":1756922380334,"E":1756922380334}
{"e":"bookTicker","u":8507981105173,"s":"BTCUSDT","b":"112251.70","B":"11.205","a":"112251.80","A":"2.815","T":1756922380334,"E":1756922380334}
{"e":"bookTicker","u":8507981105218,"s":"BTCUSDT","b":"112251.70","B":"11.205","a":"112251.80","A":"2.813","T":1756922380334,"E":1756922380335}
{"e":"bookTicker","u":8507981105243,"s":"BTCUSDT","b":"112251.70","B":"11.205","a":"112251.80","A":"2.815","T":1756922380335,"E":1756922380335}
{"e":"bookTicker","u":8507981105248,"s":"BTCUSDT","b":"112251.70","B":"11.205","a":"112251.80","A":"2.813","T":1756922380335,"E":1756922380335}
{"e":"bookTicker","u":8507981105262,"s":"BTCUSDT","b":"112251.70","B":"11.204","a":"112251.80","A":"2.813","T":1756922380335,"E":1756922380336}
{"e":"bookTicker","u":8507981105265,"s":"BTCUSDT","b":"112251.70","B":"11.204","a":"112251.80","A":"2.815","T":1756922380335,"E":1756922380336}
{"e":"bookTicker","u":8507981105273,"s":"BTCUSDT","b":"112251.70","B":"11.204","a":"112251.80","A":"2.814","T":1756922380336,"E":1756922380336}
{"e":"bookTicker","u":8507981105706,"s":"BTCUSDT","b":"112251.70","B":"11.204","a":"112251.80","A":"2.815","T":1756922380344,"E":1756922380344}
{"e":"bookTicker","u":8507981105716,"s":"BTCUSDT","b":"112251.70","B":"11.205","a":"112251.80","A":"2.815","T":1756922380344,"E":1756922380345}
{"e":"bookTicker","u":8507981105764,"s":"BTCUSDT","b":"112251.70","B":"11.205","a":"112251.80","A":"2.814","T":1756922380346,"E":1756922380346}
{"e":"bookTicker","u":8507981105781,"s":"BTCUSDT","b":"112251.70","B":"11.204","a":"112251.80","A":"2.814","T":1756922380346,"E":1756922380346}
{"e":"bookTicker","u":8507981106197,"s":"BTCUSDT","b":"112251.70","B":"11.204","a":"112251.80","A":"2.815","T":1756922380356,"E":1756922380356}
{"e":"bookTicker","u":8507981106199,"s":"BTCUSDT","b":"112251.70","B":"11.205","a":"112251.80","A":"2.815","T":1756922380356,"E":1756922380356}
{"e":"bookTicker","u":8507981106268,"s":"BTCUSDT","b":"112251.70","B":"11.204","a":"112251.80","A":"2.815","T":1756922380358,"E":1756922380358}
{"e":"bookTicker","u":8507981106272,"s":"BTCUSDT","b":"112251.70","B":"11.204","a":"112251.80","A":"2.814","T":1756922380358,"E":1756922380358}
{"e":"bookTicker","u":8507981106709,"s":"BTCUSDT","b":"112251.70","B":"11.205","a":"112251.80","A":"2.814","T":1756922380368,"E":1756922380368}
{"e":"bookTicker","u":8507981106716,"s":"BTCUSDT","b":"112251.70","B":"11.205","a":"112251.80","A":"2.815","T":1756922380368,"E":1756922380369}
{"e":"bookTicker","u":8507981106812,"s":"BTCUSDT","b":"112251.70","B":"11.205","a":"112251.80","A":"2.814","T":1756922380370,"E":1756922380370}
{"e":"bookTicker","u":8507981106821,"s":"BTCUSDT","b":"112251.70","B":"11.204","a":"112251.80","A":"2.814","T":1756922380370,"E":1756922380370}
{"e":"bookTicker","u":8507981107298,"s":"BTCUSDT","b":"112251.70","B":"11.204","a":"112251.80","A":"2.815","T":1756922380380,"E":1756922380380}
{"e":"bookTicker","u":8507981107304,"s":"BTCUSDT","b":"112251.70","B":"11.205","a":"112251.80","A":"2.815","T":1756922380380,"E":1756922380381}
{"e":"bookTicker","u":8507981107353,"s":"BTCUSDT","b":"112251.70","B":"11.205","a":"112251.80","A":"2.814","T":1756922380382,"E":1756922380382}
{"e":"bookTicker","u":8507981107358,"s":"BTCUSDT","b":"112251.70","B":"11.204","a":"112251.80","A":"2.814","T":1756922380382,"E":1756922380382}
{"e":"bookTicker","u":8507981107438,"s":"BTCUSDT","b":"112251.70","B":"11.204","a":"112251.80","A":"3.560","T":1756922380383,"E":1756922380384}
{"e":"bookTicker","u":8507981107476,"s":"BTCUSDT","b":"112251.70","B":"11.204","a":"112251.80","A":"3.558","T":1756922380385,"E":1756922380385}
{"e":"bookTicker","u":8507981107479,"s":"BTCUSDT","b":"112251.70","B":"11.204","a":"112251.80","A":"2.812","T":1756922380385,"E":1756922380385}
{"e":"bookTicker","u":8507981107496,"s":"BTCUSDT","b":"112251.70","B":"11.204","a":"112251.80","A":"2.814","T":1756922380385,"E":1756922380386}
{"e":"bookTicker","u":8507981107612,"s":"BTCUSDT","b":"112251.70","B":"11.204","a":"112251.80","A":"3.560","T":1756922380388,"E":1756922380389}
{"e":"bookTicker","u":8507981107735,"s":"BTCUSDT","b":"112251.70","B":"11.205","a":"112251.80","A":"3.560","T":1756922380392,"E":1756922380392}
{"e":"bookTicker","u":8507981107738,"s":"BTCUSDT","b":"112251.70","B":"11.205","a":"112251.80","A":"3.561","T":1756922380392,"E":1756922380393}
{"e":"bookTicker","u":8507981107779,"s":"BTCUSDT","b":"112251.70","B":"11.205","a":"112251.80","A":"3.559","T":1756922380394,"E":1756922380394}
{"e":"bookTicker","u":8507981107796,"s":"BTCUSDT","b":"112251.70","B":"11.205","a":"112251.80","A":"3.561","T":1756922380394,"E":1756922380394}
{"e":"bookTicker","u":8507981107848,"s":"BTCUSDT","b":"112251.70","B":"11.204","a":"112251.80","A":"3.561","T":1756922380396,"E":1756922380396}
{"e":"bookTicker","u":8507981107849,"s":"BTCUSDT","b":"112251.70","B":"11.204","a":"112251.80","A":"3.560","T":1756922380396,"E":1756922380396}
{"e":"bookTicker","u":8507981108079,"s":"BTCUSDT","b":"112251.70","B":"11.202","a":"112251.80","A":"3.560","T":1756922380402,"E":1756922380402}
{"e":"bookTicker","u":8507981108158,"s":"BTCUSDT","b":"112251.70","B":"11.202","a":"112251.80","A":"3.561","T":1756922380404,"E":1756922380404}
{"e":"bookTicker","u":8507981108170,"s":"BTCUSDT","b":"112251.70","B":"11.203","a":"112251.80","A":"3.561","T":1756922380404,"E":1756922380405}
{"e":"bookTicker","u":8507981108254,"s":"BTCUSDT","b":"112251.70","B":"11.203","a":"112251.80","A":"3.560","T":1756922380406,"E":1756922380407}
{"e":"bookTicker","u":8507981108255,"s":"BTCUSDT","b":"112251.70","B":"11.202","a":"112251.80","A":"3.560","T":1756922380406,"E":1756922380407}
{"e":"bookTicker","u":8507981108597,"s":"BTCUSDT","b":"112251.70","B":"11.202","a":"112251.80","A":"3.561","T":1756922380416,"E":1756922380417}
{"e":"bookTicker","u":8507981108606,"s":"BTCUSDT","b":"112251.70","B":"11.203","a":"112251.80","A":"3.561","T":1756922380417,"E":1756922380417}
{"e":"bookTicker","u":8507981108728,"s":"BTCUSDT","b":"112251.70","B":"11.203","a":"112251.80","A":"3.560","T":1756922380418,"E":1756922380419}
{"e":"bookTicker","u":8507981108738,"s":"BTCUSDT","b":"112251.70","B":"11.202","a":"112251.80","A":"3.560","T":1756922380419,"E":1756922380419}
{"e":"bookTicker","u":8507981109114,"s":"BTCUSDT","b":"112251.70","B":"11.203","a":"112251.80","A":"3.560","T":1756922380429,"E":1756922380429}
{"e":"bookTicker","u":8507981109115,"s":"BTCUSDT","b":"112251.70","B":"11.203","a":"112251.80","A":"3.561","T":1756922380429,"E":1756922380429}
{"e":"bookTicker","u":8507981109168,"s":"BTCUSDT","b":"112251.70","B":"11.202","a":"112251.80","A":"3.561","T":1756922380430,"E":1756922380431}
{"e":"bookTicker","u":8507981109173,"s":"BTCUSDT","b":"112251.70","B":"11.202","a":"112251.80","A":"3.560","T":1756922380431,"E":1756922380431}
{"e":"bookTicker","u":8507981109306,"s":"BTCUSDT","b":"112251.70","B":"11.201","a":"112251.80","A":"3.560","T":1756922380433,"E":1756922380433}
{"e":"bookTicker","u":8507981109426,"s":"BTCUSDT","b":"112251.70","B":"11.202","a":"112251.80","A":"3.560","T":1756922380436,"E":1756922380436}
{"e":"bookTicker","u":8507981109534,"s":"BTCUSDT","b":"112251.70","B":"11.202","a":"112251.80","A":"3.561","T":1756922380440,"E":1756922380441}
{"e":"bookTicker","u":8507981109539,"s":"BTCUSDT","b":"112251.70","B":"11.203","a":"112251.80","A":"3.561","T":1756922380441,"E":1756922380441}
{"e":"bookTicker","u":8507981109598,"s":"BTCUSDT","b":"112251.70","B":"11.203","a":"112251.80","A":"3.560","T":1756922380443,"E":1756922380443}
{"e":"bookTicker","u":8507981109605,"s":"BTCUSDT","b":"112251.70","B":"11.202","a":"112251.80","A":"3.560","T":1756922380443,"E":1756922380443}
{"e":"bookTicker","u":8507981110026,"s":"BTCUSDT","b":"112251.70","B":"11.202","a":"112251.80","A":"3.561","T":1756922380452,"E":1756922380453}
{"e":"bookTicker","u":8507981110033,"s":"BTCUSDT","b":"112251.70","B":"11.203","a":"112251.80","A":"3.561","T":1756922380453,"E":1756922380453}
{"e":"bookTicker","u":8507981110089,"s":"BTCUSDT","b":"112251.70","B":"11.202","a":"112251.80","A":"3.561","T":1756922380454,"E":1756922380454}
{"e":"bookTicker","u":8507981110102,"s":"BTCUSDT","b":"112251.70","B":"11.202","a":"112251.80","A":"3.560","T":1756922380454,"E":1756922380454}
{"e":"bookTicker","u":8507981110404,"s":"BTCUSDT","b":"112251.70","B":"11.202","a":"112251.80","A":"3.561","T":1756922380465,"E":1756922380465}
{"e":"bookTicker","u":8507981110412,"s":"BTCUSDT","b":"112251.70","B":"11.203","a":"112251.80","A":"3.561","T":1756922380465,"E":1756922380465}
{"e":"bookTicker","u":8507981110488,"s":"BTCUSDT","b":"112251.70","B":"11.202","a":"112251.80","A":"3.561","T":1756922380466,"E":1756922380467}
{"e":"bookTicker","u":8507981110504,"s":"BTCUSDT","b":"112251.70","B":"11.202","a":"112251.80","A":"3.560","T":1756922380466,"E":1756922380467}
{"e":"bookTicker","u":8507981110942,"s":"BTCUSDT","b":"112251.70","B":"11.203","a":"112251.80","A":"3.560","T":1756922380476,"E":1756922380477}
{"e":"bookTicker","u":8507981110949,"s":"BTCUSDT","b":"112251.70","B":"11.203","a":"112251.80","A":"3.561","T":1756922380477,"E":1756922380477}
{"e":"bookTicker","u":8507981111065,"s":"BTCUSDT","b":"112251.70","B":"11.202","a":"112251.80","A":"3.561","T":1756922380478,"E":1756922380478}
{"e":"bookTicker","u":8507981111072,"s":"BTCUSDT","b":"112251.70","B":"11.202","a":"112251.80","A":"3.560","T":1756922380478,"E":1756922380479}
{"e":"bookTicker","u":8507981111438,"s":"BTCUSDT","b":"112251.70","B":"11.202","a":"112251.80","A":"2.814","T":1756922380487,"E":1756922380488}
{"e":"bookTicker","u":8507981111468,"s":"BTCUSDT","b":"112251.70","B":"11.203","a":"112251.80","A":"2.814","T":1756922380489,"E":1756922380489}
{"e":"bookTicker","u":8507981111476,"s":"BTCUSDT","b":"112251.70","B":"11.203","a":"112251.80","A":"2.815","T":1756922380489,"E":1756922380489}
{"e":"bookTicker","u":8507981111516,"s":"BTCUSDT","b":"112251.70","B":"11.203","a":"112251.80","A":"2.813","T":1756922380490,"E":1756922380490}
{"e":"bookTicker","u":8507981111531,"s":"BTCUSDT","b":"112251.70","B":"11.202","a":"112251.80","A":"2.813","T":1756922380490,"E":1756922380490}
{"e":"bookTicker","u":8507981111550,"s":"BTCUSDT","b":"112251.70","B":"11.204","a":"112251.80","A":"2.813","T":1756922380490,"E":1756922380491}
{"e":"bookTicker","u":8507981111561,"s":"BTCUSDT","b":"112251.70","B":"11.204","a":"112251.80","A":"2.812","T":1756922380491,"E":1756922380491}
{"e":"bookTicker","u":8507981111613,"s":"BTCUSDT","b":"112251.70","B":"11.204","a":"112251.80","A":"2.814","T":1756922380491,"E":1756922380491}
{"e":"bookTicker","u":8507981111754,"s":"BTCUSDT","b":"112251.70","B":"11.202","a":"112251.80","A":"2.814","T":1756922380496,"E":1756922380496}
{"e":"bookTicker","u":8507981111791,"s":"BTCUSDT","b":"112251.70","B":"11.202","a":"112251.80","A":"2.699","T":1756922380497,"E":1756922380497}
{"e":"bookTicker","u":8507981111912,"s":"BTCUSDT","b":"112251.70","B":"11.202","a":"112251.80","A":"2.814","T":1756922380498,"E":1756922380499}
{"e":"bookTicker","u":8507981112171,"s":"BTCUSDT","b":"112251.70","B":"11.202","a":"112251.80","A":"2.815","T":1756922380501,"E":1756922380501}
{"e":"bookTicker","u":8507981112192,"s":"BTCUSDT","b":"112251.70","B":"11.203","a":"112251.80","A":"2.815","T":1756922380501,"E":1756922380501}
{"e":"bookTicker","u":8507981112324,"s":"BTCUSDT","b":"112251.70","B":"11.203","a":"112251.80","A":"2.814","T":1756922380503,"E":1756922380503}
{"e":"bookTicker","u":8507981112351,"s":"BTCUSDT","b":"112251.70","B":"11.202","a":"112251.80","A":"2.814","T":1756922380503,"E":1756922380503}
{"e":"bookTicker","u":8507981112555,"s":"BTCUSDT","b":"112251.70","B":"11.227","a":"112251.80","A":"2.814","T":1756922380507,"E":1756922380507}
{"e":"bookTicker","u":8507981112582,"s":"BTCUSDT","b":"112251.70","B":"11.229","a":"112251.80","A":"2.814","T":1756922380508,"E":1756922380508}
{"e":"bookTicker","u":8507981112836,"s":"BTCUSDT","b":"112251.70","B":"11.229","a":"112251.80","A":"2.815","T":1756922380513,"E":1756922380513}
{"e":"bookTicker","u":8507981112844,"s":"BTCUSDT","b":"112251.70","B":"11.230","a":"112251.80","A":"2.815","T":1756922380513,"E":1756922380513}
{"e":"bookTicker","u":8507981112954,"s":"BTCUSDT","b":"112251.70","B":"11.230","a":"112251.80","A":"2.814","T":1756922380515,"E":1756922380516}
{"e":"bookTicker","u":8507981112962,"s":"BTCUSDT","b":"112251.70","B":"11.229","a":"112251.80","A":"2.814","T":1756922380516,"E":1756922380516}
{"e":"bookTicker","u":8507981113324,"s":"BTCUSDT","b":"112251.70","B":"11.230","a":"112251.80","A":"2.814","T":1756922380525,"E":1756922380525}
{"e":"bookTicker","u":8507981113332,"s":"BTCUSDT","b":"112251.70","B":"11.230","a":"112251.80","A":"2.815","T":1756922380525,"E":1756922380525}
{"e":"bookTicker","u":8507981113388,"s":"BTCUSDT","b":"112251.70","B":"11.229","a":"112251.80","A":"2.815","T":1756922380527,"E":1756922380527}
{"e":"bookTicker","u":8507981113393,"s":"BTCUSDT","b":"112251.70","B":"11.229","a":"112251.80","A":"2.814","T":1756922380527,"E":1756922380527}
{"e":"bookTicker","u":8507981113757,"s":"BTCUSDT","b":"112251.70","B":"11.230","a":"112251.80","A":"2.814","T":1756922380537,"E":1756922380537}
{"e":"bookTicker","u":8507981113765,"s":"BTCUSDT","b":"112251.70","B":"11.230","a":"112251.80","A":"2.815","T":1756922380537,"E":1756922380537}
{"e":"bookTicker","u":8507981113816,"s":"BTCUSDT","b":"112251.70","B":"11.229","a":"112251.80","A":"2.815","T":1756922380539,"E":1756922380539}
{"e":"bookTicker","u":8507981113820,"s":"BTCUSDT","b":"112251.70","B":"11.229","a":"112251.80","A":"2.814","T":1756922380539,"E":1756922380539}
{"e":"bookTicker","u":8507981113946,"s":"BTCUSDT","b":"112251.70","B":"11.223","a":"112251.80","A":"2.814","T":1756922380543,"E":1756922380543}
{"e":"bookTicker","u":8507981114203,"s":"BTCUSDT","b":"112251.70","B":"11.224","a":"112251.80","A":"2.814","T":1756922380549,"E":1756922380549}
{"e":"bookTicker","u":8507981114209,"s":"BTCUSDT","b":"112251.70","B":"11.224","a":"112251.80","A":"2.815","T":1756922380549,"E":1756922380549}
{"e":"bookTicker","u":8507981114252,"s":"BTCUSDT","b":"112251.70","B":"11.224","a":"112251.80","A":"2.814","T":1756922380551,"E":1756922380551}
{"e":"bookTicker","u":8507981114256,"s":"BTCUSDT","b":"112251.70","B":"11.223","a":"112251.80","A":"2.814","T":1756922380551,"E":1756922380551}
{"e":"bookTicker","u":8507981114673,"s":"BTCUSDT","b":"112251.70","B":"11.224","a":"112251.80","A":"2.814","T":1756922380561,"E":1756922380561}
{"e":"bookTicker","u":8507981114682,"s":"BTCUSDT","b":"112251.70","B":"11.224","a":"112251.80","A":"2.815","T":1756922380561,"E":1756922380561}
{"e":"bookTicker","u":8507981114758,"s":"BTCUSDT","b":"112251.70","B":"11.224","a":"112251.80","A":"2.814","T":1756922380563,"E":1756922380563}
{"e":"bookTicker","u":8507981114761,"s":"BTCUSDT","b":"112251.70","B":"11.223","a":"112251.80","A":"2.814","T":1756922380563,"E":1756922380563}
{"e":"bookTicker","u":8507981115096,"s":"BTCUSDT","b":"112251.70","B":"11.223","a":"112251.80","A":"2.815","T":1756922380573,"E":1756922380573}
{"e":"bookTicker","u":8507981115104,"s":"BTCUSDT","b":"112251.70","B":"11.224","a":"112251.80","A":"2.815","T":1756922380573,"E":1756922380573}
{"e":"bookTicker","u":8507981115188,"s":"BTCUSDT","b":"112251.70","B":"11.223","a":"112251.80","A":"2.815","T":1756922380576,"E":1756922380576}
{"e":"bookTicker","u":8507981115189,"s":"BTCUSDT","b":"112251.70","B":"11.223","a":"112251.80","A":"2.814","T":1756922380576,"E":1756922380576}
{"e":"bookTicker","u":8507981136620,"s":"BTCUSDT","b":"112251.70","B":"11.212","a":"112251.80","A":"3.562","T":1756922381105,"E":1756922381105}
{"e":"bookTicker","u":8507981137137,"s":"BTCUSDT","b":"112251.70","B":"11.213","a":"112251.80","A":"3.562","T":1756922381115,"E":1756922381115}
{"e":"bookTicker","u":8507981137152,"s":"BTCUSDT","b":"112251.70","B":"11.213","a":"112251.80","A":"3.563","T":1756922381115,"E":1756922381115}
{"e":"bookTicker","u":8507981137226,"s":"BTCUSDT","b":"112251.70","B":"11.212","a":"112251.80","A":"3.563","T":1756922381117,"E":1756922381117}
{"e":"bookTicker","u":8507981137232,"s":"BTCUSDT","b":"112251.70","B":"11.212","a":"112251.80","A":"3.562","T":1756922381117,"E":1756922381117}
{"e":"bookTicker","u":8507981137849,"s":"BTCUSDT","b":"112251.70","B":"11.213","a":"112251.80","A":"3.562","T":1756922381127,"E":1756922381127}
{"e":"bookTicker","u":8507981137861,"s":"BTCUSDT","b":"112251.70","B":"11.213","a":"112251.80","A":"3.563","T":1756922381127,"E":1756922381128}
{"e":"bookTicker","u":8507981137910,"s":"BTCUSDT","b":"112251.70","B":"11.212","a":"112251.80","A":"3.563","T":1756922381128,"E":1756922381129}
{"e":"bookTicker","u":8507981137927,"s":"BTCUSDT","b":"112251.70","B":"11.212","a":"112251.80","A":"3.562","T":1756922381129,"E":1756922381129}
{"e":"bookTicker","u":8507981138817,"s":"BTCUSDT","b":"112251.70","B":"11.212","a":"112251.80","A":"3.563","T":1756922381139,"E":1756922381139}
{"e":"bookTicker","u":8507981138850,"s":"BTCUSDT","b":"112251.70","B":"11.213","a":"112251.80","A":"3.563","T":1756922381139,"E":1756922381140}
{"e":"bookTicker","u":8507981138908,"s":"BTCUSDT","b":"112251.70","B":"11.213","a":"112251.80","A":"3.562","T":1756922381140,"E":1756922381141}
{"e":"bookTicker","u":8507981138923,"s":"BTCUSDT","b":"112251.70","B":"11.212","a":"112251.80","A":"3.562","T":1756922381141,"E":1756922381141}
{"e":"bookTicker","u":8507981139208,"s":"BTCUSDT","b":"112251.70","B":"11.212","a":"112251.80","A":"3.560","T":1756922381145,"E":1756922381145}
{"e":"bookTicker","u":8507981139518,"s":"BTCUSDT","b":"112251.70","B":"11.212","a":"112251.80","A":"3.561","T":1756922381151,"E":1756922381151}
{"e":"bookTicker","u":8507981139543,"s":"BTCUSDT","b":"112251.70","B":"11.213","a":"112251.80","A":"3.561","T":1756922381151,"E":1756922381152}
{"e":"bookTicker","u":8507981139581,"s":"BTCUSDT","b":"112251.70","B":"11.213","a":"112251.80","A":"3.560","T":1756922381152,"E":1756922381152}
{"e":"bookTicker","u":8507981139590,"s":"BTCUSDT","b":"112251.70","B":"11.212","a":"112251.80","A":"3.560","T":1756922381153,"E":1756922381153}
{"e":"bookTicker","u":8507981140128,"s":"BTCUSDT","b":"112251.70","B":"11.213","a":"112251.80","A":"3.560","T":1756922381163,"E":1756922381164}
{"e":"bookTicker","u":8507981140129,"s":"BTCUSDT","b":"112251.70","B":"11.213","a":"112251.80","A":"3.561","T":1756922381163,"E":1756922381164}
{"e":"bookTicker","u":8507981140228,"s":"BTCUSDT","b":"112251.70","B":"11.212","a":"112251.80","A":"3.561","T":1756922381165,"E":1756922381166}
{"e":"bookTicker","u":8507981140248,"s":"BTCUSDT","b":"112251.70","B":"11.212","a":"112251.80","A":"3.560","T":1756922381165,"E":1756922381166}
{"e":"bookTicker","u":8507981140402,"s":"BTCUSDT","b":"112251.70","B":"11.212","a":"112251.80","A":"3.562","T":1756922381168,"E":1756922381168}
{"e":"bookTicker","u":8507981140787,"s":"BTCUSDT","b":"112251.70","B":"11.213","a":"112251.80","A":"3.562","T":1756922381175,"E":1756922381176}
{"e":"bookTicker","u":8507981140792,"s":"BTCUSDT","b":"112251.70","B":"11.213","a":"112251.80","A":"3.563","T":1756922381175,"E":1756922381176}
{"e":"bookTicker","u":8507981140837,"s":"BTCUSDT","b":"112251.70","B":"11.213","a":"112251.80","A":"3.562","T":1756922381177,"E":1756922381177}
{"e":"bookTicker","u":8507981140850,"s":"BTCUSDT","b":"112251.70","B":"11.212","a":"112251.80","A":"3.562","T":1756922381177,"E":1756922381177}
