{"e":"bookTicker","u":8522542550885,"s":"BTCUSDT","b":"110880.60","B":"58.548","a":"110880.70","A":"10.770","T":1757096871672,"E":1757096871672}
{"e":"bookTicker","u":8522542550888,"s":"BTCUSDT","b":"110880.60","B":"58.549","a":"110880.70","A":"10.770","T":1757096871672,"E":1757096871672}
{"e":"bookTicker","u":8522542550895,"s":"BTCUSDT","b":"110880.60","B":"58.549","a":"110880.70","A":"10.777","T":1757096871673,"E":1757096871673}
{"e":"bookTicker","u":8522542550922,"s":"BTCUSDT","b":"110880.60","B":"58.549","a":"110880.70","A":"10.776","T":1757096871673,"E":1757096871673}
{"e":"bookTicker","u":8522542550949,"s":"BTCUSDT","b":"110880.60","B":"58.548","a":"110880.70","A":"10.776","T":1757096871674,"E":1757096871674}
{"e":"bookTicker","u":8522542550967,"s":"BTCUSDT","b":"110880.60","B":"58.548","a":"110880.70","A":"10.803","T":1757096871674,"E":1757096871674}
{"e":"bookTicker","u":8522542552741,"s":"BTCUSDT","b":"110880.60","B":"58.549","a":"110880.70","A":"10.803","T":1757096871722,"E":1757096871723}
{"e":"bookTicker","u":8522542552746,"s":"BTCUSDT","b":"110880.60","B":"58.549","a":"110880.70","A":"10.804","T":1757096871723,"E":1757096871723}
{"e":"bookTicker","u":8522542552775,"s":"BTCUSDT","b":"110880.60","B":"58.548","a":"110880.70","A":"10.804","T":1757096871724,"E":1757096871724}
{"e":"bookTicker","u":8522542552779,"s":"BTCUSDT","b":"110880.60","B":"58.548","a":"110880.70","A":"10.803","T":1757096871724,"E":1757096871724}
{"e":"bookTicker","u":8522542553569,"s":"BTCUSDT","b":"110880.60","B":"58.548","a":"110880.70","A":"10.778","T":1757096871748,"E":1757096871748}
{"e":"bookTicker","u":8522542554249,"s":"BTCUSDT","b":"110880.60","B":"58.548","a":"110880.70","A":"10.779","T":1757096871772,"E":1757096871772}
{"e":"bookTicker","u":8522542554250,"s":"BTCUSDT","b":"110880.60","B":"58.549","a":"110880.70","A":"10.779","T":1757096871772,"E":1757096871773}
{"e":"bookTicker","u":8522542554284,"s":"BTCUSDT","b":"110880.60","B":"58.549","a":"110880.70","A":"10.778","T":1757096871773,"E":1757096871773}
{"e":"bookTicker","u":8522542554297,"s":"BTCUSDT","b":"110880.60","B":"58.548","a":"110880.70","A":"10.778","T":1757096871774,"E":1757096871774}
{"e":"bookTicker","u":8522542555207,"s":"BTCUSDT","b":"110880.60","B":"58.548","a":"110880.70","A":"10.570","T":1757096871807,"E":1757096871807}
{"e":"bookTicker","u":8522542555364,"s":"BTCUSDT","b":"110880.60","B":"58.551","a":"110880.70","A":"10.570","T":1757096871809,"E":1757096871810}
{"e":"bookTicker","u":8522542555381,"s":"BTCUSDT","b":"110880.60","B":"58.551","a":"110880.70","A":"10.569","T":1757096871810,"E":1757096871810}
{"e":"bookTicker","u":8522542555905,"s":"BTCUSDT","b":"110880.60","B":"58.551","a":"110880.70","A":"10.570","T":1757096871822,"E":1757096871822}
{"e":"bookTicker","u":8522542555929,"s":"BTCUSDT","b":"110880.60","B":"58.552","a":"110880.70","A":"10.570","T":1757096871822,"E":1757096871823}
{"e":"bookTicker","u":8522542555985,"s":"BTCUSDT","b":"110880.60","B":"58.552","a":"110880.70","A":"10.569","T":1757096871823,"E":1757096871823}
{"e":"bookTicker","u":8522542555996,"s":"BTCUSDT","b":"110880.60","B":"58.551","a":"110880.70","A":"10.569","T":1757096871824,"E":1757096871824}
{"e":"bookTicker","u":8522542556009,"s":"BTCUSDT","b":"110880.60","B":"58.548","a":"110880.70","A":"10.569","T":1757096871824,"E":1757096871824}
{"e":"bookTicker","u":8522542556094,"s":"BTCUSDT","b":"110880.60","B":"58.548","a":"110880.70","A":"10.565","T":1757096871827,"E":1757096871827}
{"e":"bookTicker","u":8522542557218,"s":"BTCUSDT","b":"110880.60","B":"58.549","a":"110880.70","A":"10.565","T":1757096871872,"E":1757096871873}
{"e":"bookTicker","u":8522542557221,"s":"BTCUSDT","b":"110880.60","B":"58.549","a":"110880.70","A":"10.566","T":1757096871873,"E":1757096871873}
{"e":"bookTicker","u":8522542557237,"s":"BTCUSDT","b":"110880.60","B":"58.548","a":"110880.70","A":"10.566","T":1757096871873,"E":1757096871874}
{"e":"bookTicker","u":8522542557255,"s":"BTCUSDT","b":"110880.60","B":"58.548","a":"110880.70","A":"10.565","T":1757096871874,"E":1757096871874}
{"e":"bookTicker","u":8522542558621,"s":"BTCUSDT","b":"110880.60","B":"58.548","a":"110880.70","A":"10.566","T":1757096871922,"E":1757096871922}
{"e":"bookTicker","u":8522542558624,"s":"BTCUSDT","b":"110880.60","B":"58.549","a":"110880.70","A":"10.566","T":1757096871923,"E":1757096871923}
{"e":"bookTicker","u":8522542558640,"s":"BTCUSDT","b":"110880.60","B":"58.549","a":"110880.70","A":"10.565","T":1757096871923,"E":1757096871924}
{"e":"bookTicker","u":8522542558665,"s":"BTCUSDT","b":"110880.60","B":"58.548","a":"110880.70","A":"10.565","T":1757096871924,"E":1757096871924}
{"e":"bookTicker","u":8522542559938,"s":"BTCUSDT","b":"110880.60","B":"58.548","a":"110880.70","A":"10.566","T":1757096871972,"E":1757096871972}
{"e":"bookTicker","u":8522542559945,"s":"BTCUSDT","b":"110880.60","B":"58.549","a":"110880.70","A":"10.566","T":1757096871973,"E":1757096871973}
{"e":"bookTicker","u":8522542559970,"s":"BTCUSDT","b":"110880.60","B":"58.549","a":"110880.70","A":"10.565","T":1757096871973,"E":1757096871974}
{"e":"bookTicker","u":8522542559984,"s":"BTCUSDT","b":"110880.60","B":"58.548","a":"110880.70","A":"10.565","T":1757096871974,"E":1757096871974}
{"e":"bookTicker","u":8522542561560,"s":"BTCUSDT","b":"110880.60","B":"58.549","a":"110880.70","A":"10.565","T":1757096872023,"E":1757096872023}
{"e":"bookTicker","u":8522542561566,"s":"BTCUSDT","b":"110880.60","B":"58.549","a":"110880.70","A":"10.566","T":1757096872023,"E":1757096872023}
{"e":"bookTicker","u":8522542561596,"s":"BTCUSDT","b":"110880.60","B":"58.548","a":"110880.70","A":"10.566","T":1757096872024,"E":1757096872024}
{"e":"bookTicker","u":8522542561619,"s":"BTCUSDT","b":"110880.60","B":"58.548","a":"110880.70","A":"10.565","T":1757096872024,"E":1757096872024}
{"e":"bookTicker","u":8522542561975,"s":"BTCUSDT","b":"110880.60","B":"58.548","a":"110880.70","A":"10.538","T":1757096872035,"E":1757096872035}
{"e":"bookTicker","u":8522542563208,"s":"BTCUSDT","b":"110880.60","B":"58.548","a":"110880.70","A":"10.539","T":1757096872073,"E":1757096872073}
{"e":"bookTicker","u":8522542563212,"s":"BTCUSDT","b":"110880.60","B":"58.549","a":"110880.70","A":"10.539","T":1757096872073,"E":1757096872073}
{"e":"bookTicker","u":8522542563226,"s":"BTCUSDT","b":"110880.60","B":"58.549","a":"110880.70","A":"10.538","T":1757096872074,"E":1757096872074}
{"e":"bookTicker","u":8522542563232,"s":"BTCUSDT","b":"110880.60","B":"58.548","a":"110880.70","A":"10.538","T":1757096872074,"E":1757096872074}
{"e":"bookTicker","u":8522542563629,"s":"BTCUSDT","b":"110880.60","B":"58.497","a":"110880.70","A":"10.538","T":1757096872091,"E":1757096872091}
{"e":"bookTicker","u":8522542564709,"s":"BTCUSDT","b":"110880.60","B":"58.546","a":"110880.70","A":"10.538","T":1757096872117,"E":1757096872118}
{"e":"bookTicker","u":8522542564860,"s":"BTCUSDT","b":"110880.60","B":"58.546","a":"110880.70","A":"10.539","T":1757096872123,"E":1757096872123}
{"e":"bookTicker","u":8522542564869,"s":"BTCUSDT","b":"110880.60","B":"58.547","a":"110880.70","A":"10.539","T":1757096872123,"E":1757096872123}
{"e":"bookTicker","u":8522542564899,"s":"BTCUSDT","b":"110880.60","B":"58.547","a":"110880.70","A":"10.538","T":1757096872124,"E":1757096872124}
{"e":"bookTicker","u":8522542564909,"s":"BTCUSDT","b":"110880.60","B":"58.546","a":"110880.70","A":"10.538","T":1757096872124,"E":1757096872124}
{"e":"bookTicker","u":8522542564982,"s":"BTCUSDT","b":"110880.60","B":"58.564","a":"110880.70","A":"10.538","T":1757096872127,"E":1757096872127}
{"e":"bookTicker","u":8522542565086,"s":"BTCUSDT","b":"110880.60","B":"58.546","a":"110880.70","A":"10.538","T":1757096872130,"E":1757096872130}
{"e":"bookTicker","u":8522542566521,"s":"BTCUSDT","b":"110880.60","B":"58.546","a":"110880.70","A":"10.541","T":1757096872167,"E":1757096872167}
{"e":"bookTicker","u":8522542567071,"s":"BTCUSDT","b":"110880.60","B":"58.546","a":"110880.70","A":"10.542","T":1757096872173,"E":1757096872173}
{"e":"bookTicker","u":8522542567079,"s":"BTCUSDT","b":"110880.60","B":"58.547","a":"110880.70","A":"10.542","T":1757096872173,"E":1757096872173}
{"e":"bookTicker","u":8522542567111,"s":"BTCUSDT","b":"110880.60","B":"58.547","a":"110880.70","A":"10.541","T":1757096872174,"E":1757096872174}
{"e":"bookTicker","u":8522542567128,"s":"BTCUSDT","b":"110880.60","B":"58.546","a":"110880.70","A":"10.541","T":1757096872174,"E":1757096872174}
{"e":"bookTicker","u":8522542567358,"s":"BTCUSDT","b":"110880.60","B":"58.477","a":"110880.70","A":"10.541","T":1757096872180,"E":1757096872180}
{"e":"bookTicker","u":8522542567472,"s":"BTCUSDT","b":"110880.60","B":"58.547","a":"110880.70","A":"10.541","T":1757096872184,"E":1757096872184}
{"e":"bookTicker","u":8522542568385,"s":"BTCUSDT","b":"110880.60","B":"58.549","a":"110880.70","A":"10.541","T":1757096872208,"E":1757096872208}
{"e":"bookTicker","u":8522542568398,"s":"BTCUSDT","b":"110880.60","B":"58.549","a":"110880.70","A":"10.496","T":1757096872208,"E":1757096872208}
{"e":"bookTicker","u":8522542568508,"s":"BTCUSDT","b":"110880.60","B":"58.549","a":"110880.70","A":"10.498","T":1757096872209,"E":1757096872209}
{"e":"bookTicker","u":8522542569339,"s":"BTCUSDT","b":"110880.60","B":"58.550","a":"110880.70","A":"10.498","T":1757096872223,"E":1757096872223}
{"e":"bookTicker","u":8522542569344,"s":"BTCUSDT","b":"110880.60","B":"58.550","a":"110880.70","A":"10.499","T":1757096872223,"E":1757096872223}
{"e":"bookTicker","u":8522542569389,"s":"BTCUSDT","b":"110880.60","B":"58.549","a":"110880.70","A":"10.499","T":1757096872224,"E":1757096872224}
{"e":"bookTicker","u":8522542569394,"s":"BTCUSDT","b":"110880.60","B":"58.549","a":"110880.70","A":"10.498","T":1757096872224,"E":1757096872224}
{"e":"bookTicker","u":8522542571327,"s":"BTCUSDT","b":"110880.60","B":"58.547","a":"110880.70","A":"10.498","T":1757096872257,"E":1757096872257}
{"e":"bookTicker","u":8522542572179,"s":"BTCUSDT","b":"110880.60","B":"58.547","a":"110880.70","A":"10.499","T":1757096872273,"E":1757096872273}
{"e":"bookTicker","u":8522542572198,"s":"BTCUSDT","b":"110880.60","B":"58.548","a":"110880.70","A":"10.499","T":1757096872273,"E":1757096872273}
{"e":"bookTicker","u":8522542572264,"s":"BTCUSDT","b":"110880.60","B":"58.548","a":"110880.70","A":"10.498","T":1757096872274,"E":1757096872274}
{"e":"bookTicker","u":8522542572277,"s":"BTCUSDT","b":"110880.60","B":"58.547","a":"110880.70","A":"10.498","T":1757096872274,"E":1757096872274}
{"e":"bookTicker","u":8522542572747,"s":"BTCUSDT","b":"110880.60","B":"58.547","a":"110880.70","A":"10.491","T":1757096872283,"E":1757096872284}
{"e":"bookTicker","u":8522542574417,"s":"BTCUSDT","b":"110880.60","B":"58.546","a":"110880.70","A":"10.491","T":1757096872309,"E":1757096872309}
{"e":"bookTicker","u":8522542574619,"s":"BTCUSDT","b":"110880.60","B":"58.548","a":"110880.70","A":"10.491","T":1757096872312,"E":1757096872312}
{"e":"bookTicker","u":8522542574758,"s":"BTCUSDT","b":"110880.60","B":"58.546","a":"110880.70","A":"10.491","T":1757096872315,"E":1757096872315}
{"e":"bookTicker","u":8522542575167,"s":"BTCUSDT","b":"110880.60","B":"58.548","a":"110880.70","A":"10.491","T":1757096872323,"E":1757096872323}
{"e":"bookTicker","u":8522542575181,"s":"BTCUSDT","b":"110880.60","B":"58.549","a":"110880.70","A":"10.491","T":1757096872323,"E":1757096872323}
{"e":"bookTicker","u":8522542575189,"s":"BTCUSDT","b":"110880.60","B":"58.549","a":"110880.70","A":"10.492","T":1757096872323,"E":1757096872323}
{"e":"bookTicker","u":8522542575246,"s":"BTCUSDT","b":"110880.60","B":"58.548","a":"110880.70","A":"10.492","T":1757096872324,"E":1757096872324}
{"e":"bookTicker","u":8522542575256,"s":"BTCUSDT","b":"110880.60","B":"58.548","a":"110880.70","A":"10.491","T":1757096872324,"E":1757096872324}
{"e":"bookTicker","u":8522542575736,"s":"BTCUSDT","b":"110880.60","B":"58.548","a":"110880.70","A":"10.486","T":1757096872332,"E":1757096872332}
{"e":"bookTicker","u":8522542576117,"s":"BTCUSDT","b":"110880.60","B":"57.758","a":"110880.70","A":"10.486","T":1757096872339,"E":1757096872339}
{"e":"bookTicker","u":8522542576236,"s":"BTCUSDT","b":"110880.60","B":"57.756","a":"110880.70","A":"10.486","T":1757096872341,"E":1757096872341}
{"e":"bookTicker","u":8522542576545,"s":"BTCUSDT","b":"110880.60","B":"58.488","a":"110880.70","A":"10.486","T":1757096872347,"E":1757096872347}
{"e":"bookTicker","u":8522542576647,"s":"BTCUSDT","b":"110880.60","B":"58.486","a":"110880.70","A":"10.486","T":1757096872349,"E":1757096872349}
{"e":"bookTicker","u":8522542576660,"s":"BTCUSDT","b":"110880.60","B":"58.488","a":"110880.70","A":"10.486","T":1757096872349,"E":1757096872349}
{"e":"bookTicker","u":8522542577203,"s":"BTCUSDT","b":"110880.60","B":"58.486","a":"110880.70","A":"10.486","T":1757096872359,"E":1757096872359}
{"e":"bookTicker","u":8522542577212,"s":"BTCUSDT","b":"110880.60","B":"58.488","a":"110880.70","A":"10.486","T":1757096872359,"E":1757096872359}
{"e":"bookTicker","u":8522542577931,"s":"BTCUSDT","b":"110880.60","B":"58.484","a":"110880.70","A":"10.486","T":1757096872367,"E":1757096872367}
{"e":"bookTicker","u":8522542578512,"s":"BTCUSDT","b":"110880.60","B":"58.486","a":"110880.70","A":"10.486","T":1757096872373,"E":1757096872373}
{"e":"bookTicker","u":8522542578517,"s":"BTCUSDT","b":"110880.60","B":"58.487","a":"110880.70","A":"10.486","T":1757096872373,"E":1757096872373}
{"e":"bookTicker","u":8522542578529,"s":"BTCUSDT","b":"110880.60","B":"58.487","a":"110880.70","A":"10.487","T":1757096872373,"E":1757096872373}
{"e":"bookTicker","u":8522542578602,"s":"BTCUSDT","b":"110880.60","B":"58.486","a":"110880.70","A":"10.487","T":1757096872374,"E":1757096872374}
{"e":"bookTicker","u":8522542578629,"s":"BTCUSDT","b":"110880.60","B":"58.486","a":"110880.70","A":"10.486","T":1757096872374,"E":1757096872375}
{"e":"bookTicker","u":8522542579662,"s":"BTCUSDT","b":"110880.60","B":"58.486","a":"110880.70","A":"10.493","T":1757096872392,"E":1757096872393}
{"e":"bookTicker","u":8522542581433,"s":"BTCUSDT","b":"110880.60","B":"58.487","a":"110880.70","A":"10.493","T":1757096872423,"E":1757096872423}
{"e":"bookTicker","u":8522542581447,"s":"BTCUSDT","b":"110880.60","B":"58.487","a":"110880.70","A":"10.494","T":1757096872423,"E":1757096872423}
{"e":"bookTicker","u":8522542581523,"s":"BTCUSDT","b":"110880.60","B":"58.486","a":"110880.70","A":"10.494","T":1757096872424,"E":1757096872424}
{"e":"bookTicker","u":8522542581529,"s":"BTCUSDT","b":"110880.60","B":"58.486","a":"110880.70","A":"10.493","T":1757096872424,"E":1757096872425}
{"e":"bookTicker","u":8522542581616,"s":"BTCUSDT","b":"110880.60","B":"58.486","a":"110880.70","A":"10.729","T":1757096872426,"E":1757096872426}
{"e":"bookTicker","u":8522542581705,"s":"BTCUSDT","b":"110880.60","B":"58.486","a":"110880.70","A":"10.727","T":1757096872427,"E":1757096872428}
{"e":"bookTicker","u":8522542581711,"s":"BTCUSDT","b":"110880.60","B":"58.486","a":"110880.70","A":"10.729","T":1757096872428,"E":1757096872428}
{"e":"bookTicker","u":8522542584431,"s":"BTCUSDT","b":"110880.60","B":"58.487","a":"110880.70","A":"10.729","T":1757096872473,"E":1757096872473}
{"e":"bookTicker","u":8522542584461,"s":"BTCUSDT","b":"110880.60","B":"58.487","a":"110880.70","A":"10.730","T":1757096872473,"E":1757096872473}
{"e":"bookTicker","u":8522542584562,"s":"BTCUSDT","b":"110880.60","B":"58.486","a":"110880.70","A":"10.730","T":1757096872474,"E":1757096872475}
{"e":"bookTicker","u":8522542584577,"s":"BTCUSDT","b":"110880.60","B":"58.486","a":"110880.70","A":"10.728","T":1757096872474,"E":1757096872475}
{"e":"bookTicker","u":8522542584604,"s":"BTCUSDT","b":"110880.60","B":"58.486","a":"110880.70","A":"10.727","T":1757096872474,"E":1757096872475}
{"e":"bookTicker","u":8522542584613,"s":"BTCUSDT","b":"110880.60","B":"58.486","a":"110880.70","A":"10.729","T":1757096872475,"E":1757096872475}
{"e":"bookTicker","u":8522542587506,"s":"BTCUSDT","b":"110880.60","B":"58.487","a":"110880.70","A":"10.729","T":1757096872523,"E":1757096872523}
{"e":"bookTicker","u":8522542587514,"s":"BTCUSDT","b":"110880.60","B":"58.487","a":"110880.70","A":"10.730","T":1757096872523,"E":1757096872523}
{"e":"bookTicker","u":8522542587573,"s":"BTCUSDT","b":"110880.60","B":"58.486","a":"110880.70","A":"10.730","T":1757096872524,"E":1757096872524}
{"e":"bookTicker","u":8522542587582,"s":"BTCUSDT","b":"110880.60","B":"58.486","a":"110880.70","A":"10.729","T":1757096872524,"E":1757096872525}
{"e":"bookTicker","u":8522542591378,"s":"BTCUSDT","b":"110880.60","B":"58.487","a":"110880.70","A":"10.729","T":1757096872572,"E":1757096872572}
{"e":"bookTicker","u":8522542591410,"s":"BTCUSDT","b":"110880.60","B":"58.488","a":"110880.70","A":"10.729","T":1757096872573,"E":1757096872573}
{"e":"bookTicker","u":8522542591411,"s":"BTCUSDT","b":"110880.60","B":"58.488","a":"110880.70","A":"10.730","T":1757096872573,"E":1757096872573}
{"e":"bookTicker","u":8522542591431,"s":"BTCUSDT","b":"110880.60","B":"58.487","a":"110880.70","A":"10.730","T":1757096872574,"E":1757096872574}
{"e":"bookTicker","u":8522542591432,"s":"BTCUSDT","b":"110880.60","B":"58.487","a":"110880.70","A":"10.729","T":1757096872574,"E":1757096872574}
{"e":"bookTicker","u":8522542592995,"s":"BTCUSDT","b":"110880.60","B":"58.488","a":"110880.70","A":"10.729","T":1757096872623,"E":1757096872623}
{"e":"bookTicker","u":8522542593003,"s":"BTCUSDT","b":"110880.60","B":"58.488","a":"110880.70","A":"10.730","T":1757096872623,"E":1757096872623}
{"e":"bookTicker","u":8522542593091,"s":"BTCUSDT","b":"110880.60","B":"58.487","a":"110880.70","A":"10.730","T":1757096872624,"E":1757096872624}
{"e":"bookTicker","u":8522542593123,"s":"BTCUSDT","b":"110880.60","B":"58.487","a":"110880.70","A":"10.729","T":1757096872624,"E":1757096872625}
{"e":"bookTicker","u":8522542594568,"s":"BTCUSDT","b":"110880.60","B":"58.488","a":"110880.70","A":"10.729","T":1757096872673,"E":1757096872673}
{"e":"bookTicker","u":8522542594573,"s":"BTCUSDT","b":"110880.60","B":"58.488","a":"110880.70","A":"10.730","T":1757096872673,"E":1757096872674}
{"e":"bookTicker","u":8522542594602,"s":"BTCUSDT","b":"110880.60","B":"58.487","a":"110880.70","A":"10.730","T":1757096872674,"E":1757096872674}
{"e":"bookTicker","u":8522542594605,"s":"BTCUSDT","b":"110880.60","B":"58.487","a":"110880.70","A":"10.729","T":1757096872674,"E":1757096872675}
{"e":"bookTicker","u":8522542594818,"s":"BTCUSDT","b":"110880.60","B":"58.487","a":"110880.70","A":"10.679","T":1757096872686,"E":1757096872686}
{"e":"bookTicker","u":8522542596126,"s":"BTCUSDT","b":"110880.60","B":"58.487","a":"110880.70","A":"10.724","T":1757096872722,"E":1757096872723}
{"e":"bookTicker","u":8522542596159,"s":"BTCUSDT","b":"110880.60","B":"58.487","a":"110880.70","A":"10.725","T":1757096872723,"E":1757096872723}
{"e":"bookTicker","u":8522542596161,"s":"BTCUSDT","b":"110880.60","B":"58.488","a":"110880.70","A":"10.725","T":1757096872723,"E":1757096872723}
{"e":"bookTicker","u":8522542596221,"s":"BTCUSDT","b":"110880.60","B":"58.488","a":"110880.70","A":"10.724","T":1757096872724,"E":1757096872725}
{"e":"bookTicker","u":8522542596229,"s":"BTCUSDT","b":"110880.60","B":"58.487","a":"110880.70","A":"10.724","T":1757096872725,"E":1757096872725}
{"e":"bookTicker","u":8522542597072,"s":"BTCUSDT","b":"110880.60","B":"58.489","a":"110880.70","A":"10.724","T":1757096872753,"E":1757096872753}
{"e":"bookTicker","u":8522542597890,"s":"BTCUSDT","b":"110880.60","B":"58.490","a":"110880.70","A":"10.724","T":1757096872773,"E":1757096872773}
{"e":"bookTicker","u":8522542597891,"s":"BTCUSDT","b":"110880.60","B":"58.490","a":"110880.70","A":"10.725","T":1757096872773,"E":1757096872773}
{"e":"bookTicker","u":8522542597933,"s":"BTCUSDT","b":"110880.60","B":"58.489","a":"110880.70","A":"10.725","T":1757096872774,"E":1757096872774}
{"e":"bookTicker","u":8522542597935,"s":"BTCUSDT","b":"110880.60","B":"58.489","a":"110880.70","A":"10.724","T":1757096872774,"E":1757096872775}
{"e":"bookTicker","u":8522542599554,"s":"BTCUSDT","b":"110880.60","B":"58.490","a":"110880.70","A":"10.724","T":1757096872823,"E":1757096872823}
{"e":"bookTicker","u":8522542599565,"s":"BTCUSDT","b":"110880.60","B":"58.490","a":"110880.70","A":"10.725","T":1757096872823,"E":1757096872824}
{"e":"bookTicker","u":8522542599589,"s":"BTCUSDT","b":"110880.60","B":"58.489","a":"110880.70","A":"10.725","T":1757096872824,"E":1757096872824}
{"e":"bookTicker","u":8522542599601,"s":"BTCUSDT","b":"110880.60","B":"58.489","a":"110880.70","A":"10.724","T":1757096872825,"E":1757096872825}
{"e":"bookTicker","u":8522542601807,"s":"BTCUSDT","b":"110880.60","B":"58.489","a":"110880.70","A":"10.725","T":1757096872873,"E":1757096872873}
{"e":"bookTicker","u":8522542601823,"s":"BTCUSDT","b":"110880.60","B":"58.490","a":"110880.70","A":"10.725","T":1757096872874,"E":1757096872874}
{"e":"bookTicker","u":8522542601838,"s":"BTCUSDT","b":"110880.60","B":"58.490","a":"110880.70","A":"10.724","T":1757096872874,"E":1757096872874}
{"e":"bookTicker","u":8522542601854,"s":"BTCUSDT","b":"110880.60","B":"58.489","a":"110880.70","A":"10.724","T":1757096872875,"E":1757096872875}
{"e":"bookTicker","u":8522542603951,"s":"BTCUSDT","b":"110880.60","B":"58.489","a":"110880.70","A":"10.725","T":1757096872923,"E":1757096872923}
{"e":"bookTicker","u":8522542603955,"s":"BTCUSDT","b":"110880.60","B":"58.490","a":"110880.70","A":"10.725","T":1757096872923,"E":1757096872924}
{"e":"bookTicker","u":8522542603991,"s":"BTCUSDT","b":"110880.60","B":"58.490","a":"110880.70","A":"10.724","T":1757096872924,"E":1757096872924}
{"e":"bookTicker","u":8522542604005,"s":"BTCUSDT","b":"110880.60","B":"58.489","a":"110880.70","A":"10.724","T":1757096872925,"E":1757096872925}
{"e":"bookTicker","u":8522542604112,"s":"BTCUSDT","b":"110880.60","B":"58.488","a":"110880.70","A":"10.724","T":1757096872927,"E":1757096872927}
{"e":"bookTicker","u":8522542605533,"s":"BTCUSDT","b":"110880.60","B":"58.488","a":"110880.70","A":"10.725","T":1757096872973,"E":1757096872973}
{"e":"bookTicker","u":8522542605539,"s":"BTCUSDT","b":"110880.60","B":"58.489","a":"110880.70","A":"10.725","T":1757096872974,"E":1757096872974}
{"e":"bookTicker","u":8522542605549,"s":"BTCUSDT","b":"110880.60","B":"58.489","a":"110880.70","A":"10.724","T":1757096872974,"E":1757096872974}
{"e":"bookTicker","u":8522542605581,"s":"BTCUSDT","b":"110880.60","B":"58.488","a":"110880.70","A":"10.724","T":1757096872975,"E":1757096872975}
{"e":"bookTicker","u":8522542606647,"s":"BTCUSDT","b":"110880.60","B":"58.586","a":"110880.70","A":"10.724","T":1757096872993,"E":1757096872993}
{"e":"bookTicker","u":8522542607124,"s":"BTCUSDT","b":"110880.60","B":"58.586","a":"110880.70","A":"10.614","T":1757096873001,"E":1757096873001}
{"e":"bookTicker","u":8522542607135,"s":"BTCUSDT","b":"110880.60","B":"58.586","a":"110880.70","A":"10.398","T":1757096873001,"E":1757096873001}
{"e":"bookTicker","u":8522542607137,"s":"BTCUSDT","b":"110880.60","B":"58.586","a":"110880.70","A":"9.898","T":1757096873001,"E":1757096873001}
{"e":"bookTicker","u":8522542607155,"s":"BTCUSDT","b":"110880.60","B":"58.586","a":"110880.70","A":"9.611","T":1757096873001,"E":1757096873001}
{"e":"bookTicker","u":8522542607192,"s":"BTCUSDT","b":"110880.60","B":"58.586","a":"110880.70","A":"9.406","T":1757096873001,"E":1757096873001}
{"e":"bookTicker","u":8522542607308,"s":"BTCUSDT","b":"110880.60","B":"58.586","a":"110880.70","A":"9.693","T":1757096873003,"E":1757096873003}
{"e":"bookTicker","u":8522542607451,"s":"BTCUSDT","b":"110880.60","B":"58.586","a":"110880.70","A":"9.406","T":1757096873004,"E":1757096873004}
{"e":"bookTicker","u":8522542607453,"s":"BTCUSDT","b":"110880.60","B":"58.586","a":"110880.70","A":"9.407","T":1757096873004,"E":1757096873004}
{"e":"bookTicker","u":8522542607467,"s":"BTCUSDT","b":"110880.60","B":"58.586","a":"110880.70","A":"9.212","T":1757096873004,"E":1757096873004}
{"e":"bookTicker","u":8522542607494,"s":"BTCUSDT","b":"110880.60","B":"58.586","a":"110880.70","A":"9.210","T":1757096873005,"E":1757096873005}
{"e":"bookTicker","u":8522542607518,"s":"BTCUSDT","b":"110880.60","B":"58.586","a":"110880.70","A":"9.212","T":1757096873005,"E":1757096873005}
{"e":"bookTicker","u":8522542607681,"s":"BTCUSDT","b":"110880.60","B":"58.586","a":"110880.70","A":"9.499","T":1757096873007,"E":1757096873007}
{"e":"bookTicker","u":8522542607697,"s":"BTCUSDT","b":"110880.60","B":"58.586","a":"110880.70","A":"9.249","T":1757096873007,"E":1757096873008}
{"e":"bookTicker","u":8522542607698,"s":"BTCUSDT","b":"110880.60","B":"58.586","a":"110880.70","A":"8.962","T":1757096873007,"E":1757096873008}
{"e":"bookTicker","u":8522542608253,"s":"BTCUSDT","b":"110880.60","B":"58.586","a":"110880.70","A":"8.955","T":1757096873020,"E":1757096873021}
{"e":"bookTicker","u":8522542608295,"s":"BTCUSDT","b":"110880.60","B":"58.586","a":"110880.70","A":"8.953","T":1757096873022,"E":1757096873022}
{"e":"bookTicker","u":8522542608305,"s":"BTCUSDT","b":"110880.60","B":"58.586","a":"110880.70","A":"8.955","T":1757096873022,"E":1757096873022}
{"e":"bookTicker","u":8522542608400,"s":"BTCUSDT","b":"110880.60","B":"58.587","a":"110880.70","A":"8.955","T":1757096873024,"E":1757096873024}
{"e":"bookTicker","u":8522542608409,"s":"BTCUSDT","b":"110880.60","B":"58.587","a":"110880.70","A":"8.956","T":1757096873024,"E":1757096873024}
{"e":"bookTicker","u":8522542608490,"s":"BTCUSDT","b":"110880.60","B":"58.586","a":"110880.70","A":"8.956","T":1757096873025,"E":1757096873025}
{"e":"bookTicker","u":8522542608497,"s":"BTCUSDT","b":"110880.60","B":"58.586","a":"110880.70","A":"8.955","T":1757096873025,"E":1757096873025}
{"e":"bookTicker","u":8522542608728,"s":"BTCUSDT","b":"110880.60","B":"58.586","a":"110880.70","A":"9.242","T":1757096873030,"E":1757096873030}
{"e":"bookTicker","u":8522542608742,"s":"BTCUSDT","b":"110880.60","B":"58.586","a":"110880.70","A":"9.006","T":1757096873031,"E":1757096873031}
{"e":"bookTicker","u":8522542608761,"s":"BTCUSDT","b":"110880.60","B":"58.586","a":"110880.70","A":"8.719","T":1757096873031,"E":1757096873031}
{"e":"bookTicker","u":8522542608779,"s":"BTCUSDT","b":"110880.60","B":"58.586","a":"110880.70","A":"8.717","T":1757096873032,"E":1757096873032}
{"e":"bookTicker","u":8522542608784,"s":"BTCUSDT","b":"110880.60","B":"58.586","a":"110880.70","A":"8.719","T":1757096873032,"E":1757096873032}
{"e":"bookTicker","u":8522542608847,"s":"BTCUSDT","b":"110880.60","B":"58.586","a":"110880.70","A":"8.955","T":1757096873033,"E":1757096873033}
{"e":"bookTicker","u":8522542608860,"s":"BTCUSDT","b":"110880.60","B":"58.586","a":"110880.70","A":"7.135","T":1757096873033,"E":1757096873034}
{"e":"bookTicker","u":8522542608932,"s":"BTCUSDT","b":"110880.60","B":"58.586","a":"110880.70","A":"6.899","T":1757096873034,"E":1757096873035}
{"e":"bookTicker","u":8522542609204,"s":"BTCUSDT","b":"110880.60","B":"58.586","a":"110880.70","A":"7.135","T":1757096873038,"E":1757096873038}
{"e":"bookTicker","u":8522542609314,"s":"BTCUSDT","b":"110880.60","B":"58.586","a":"110880.70","A":"6.899","T":1757096873039,"E":1757096873039}
{"e":"bookTicker","u":8522542609426,"s":"BTCUSDT","b":"110880.60","B":"58.586","a":"110880.70","A":"6.897","T":1757096873040,"E":1757096873040}
{"e":"bookTicker","u":8522542609445,"s":"BTCUSDT","b":"110880.60","B":"58.586","a":"110880.70","A":"6.899","T":1757096873040,"E":1757096873040}
{"e":"bookTicker","u":8522542609530,"s":"BTCUSDT","b":"110880.60","B":"58.586","a":"110880.70","A":"7.135","T":1757096873041,"E":1757096873041}
{"e":"bookTicker","u":8522542609736,"s":"BTCUSDT","b":"110880.60","B":"58.586","a":"110880.70","A":"7.133","T":1757096873045,"E":1757096873045}
{"e":"bookTicker","u":8522542609756,"s":"BTCUSDT","b":"110880.60","B":"58.586","a":"110880.70","A":"7.135","T":1757096873045,"E":1757096873045}
{"e":"bookTicker","u":8522542610953,"s":"BTCUSDT","b":"110880.60","B":"58.586","a":"110880.70","A":"7.136","T":1757096873073,"E":1757096873074}
{"e":"bookTicker","u":8522542610959,"s":"BTCUSDT","b":"110880.60","B":"58.587","a":"110880.70","A":"7.136","T":1757096873074,"E":1757096873074}
{"e":"bookTicker","u":8522542610996,"s":"BTCUSDT","b":"110880.60","B":"58.587","a":"110880.70","A":"7.135","T":1757096873075,"E":1757096873075}
{"e":"bookTicker","u":8522542611009,"s":"BTCUSDT","b":"110880.60","B":"58.586","a":"110880.70","A":"7.135","T":1757096873075,"E":1757096873076}
{"e":"bookTicker","u":8522542611610,"s":"BTCUSDT","b":"110880.60","B":"58.586","a":"110880.70","A":"6.899","T":1757096873086,"E":1757096873086}
{"e":"bookTicker","u":8522542612566,"s":"BTCUSDT","b":"110880.60","B":"58.586","a":"110880.70","A":"7.135","T":1757096873101,"E":1757096873101}
{"e":"bookTicker","u":8522542612583,"s":"BTCUSDT","b":"110880.60","B":"58.586","a":"110880.70","A":"6.899","T":1757096873101,"E":1757096873102}
{"e":"bookTicker","u":8522542612626,"s":"BTCUSDT","b":"110880.60","B":"58.586","a":"110880.70","A":"6.897","T":1757096873102,"E":1757096873102}
{"e":"bookTicker","u":8522542612636,"s":"BTCUSDT","b":"110880.60","B":"58.586","a":"110880.70","A":"6.899","T":1757096873102,"E":1757096873103}
{"e":"bookTicker","u":8522542612682,"s":"BTCUSDT","b":"110880.60","B":"58.586","a":"110880.70","A":"7.135","T":1757096873104,"E":1757096873104}
{"e":"bookTicker","u":8522542612793,"s":"BTCUSDT","b":"110880.60","B":"58.586","a":"110880.70","A":"7.340","T":1757096873106,"E":1757096873106}
{"e":"bookTicker","u":8522542612878,"s":"BTCUSDT","b":"110880.60","B":"58.586","a":"110880.70","A":"7.342","T":1757096873108,"E":1757096873108}
{"e":"bookTicker","u":8522542612879,"s":"BTCUSDT","b":"110880.60","B":"58.586","a":"110880.70","A":"7.340","T":1757096873108,"E":1757096873108}
{"e":"bookTicker","u":8522542613400,"s":"BTCUSDT","b":"110880.60","B":"58.537","a":"110880.70","A":"7.340","T":1757096873117,"E":1757096873117}
{"e":"bookTicker","u":8522542613502,"s":"BTCUSDT","b":"110880.60","B":"58.537","a":"110880.70","A":"7.338","T":1757096873119,"E":1757096873120}
{"e":"bookTicker","u":8522542613516,"s":"BTCUSDT","b":"110880.60","B":"58.537","a":"110880.70","A":"7.340","T":1757096873120,"E":1757096873120}
{"e":"bookTicker","u":8522542613767,"s":"BTCUSDT","b":"110880.60","B":"58.537","a":"110880.70","A":"7.341","T":1757096873124,"E":1757096873124}
{"e":"bookTicker","u":8522542613777,"s":"BTCUSDT","b":"110880.60","B":"58.538","a":"110880.70","A":"7.341","T":1757096873124,"E":1757096873124}
{"e":"bookTicker","u":8522542613830,"s":"BTCUSDT","b":"110880.60","B":"58.538","a":"110880.70","A":"7.340","T":1757096873125,"E":1757096873125}
{"e":"bookTicker","u":8522542613847,"s":"BTCUSDT","b":"110880.60","B":"58.537","a":"110880.70","A":"7.340","T":1757096873125,"E":1757096873125}
{"e":"bookTicker","u":8522542613875,"s":"BTCUSDT","b":"110880.60","B":"58.537","a":"110880.70","A":"7.135","T":1757096873126,"E":1757096873126}
{"e":"bookTicker","u":8522542615694,"s":"BTCUSDT","b":"110880.60","B":"58.537","a":"110880.70","A":"6.899","T":1757096873170,"E":1757096873170}
{"e":"bookTicker","u":8522542615791,"s":"BTCUSDT","b":"110880.60","B":"58.537","a":"110880.70","A":"7.135","T":1757096873172,"E":1757096873173}
{"e":"bookTicker","u":8522542615854,"s":"BTCUSDT","b":"110880.60","B":"58.537","a":"110880.70","A":"7.136","T":1757096873174,"E":1757096873174}
{"e":"bookTicker","u":8522542615860,"s":"BTCUSDT","b":"110880.60","B":"58.538","a":"110880.70","A":"7.136","T":1757096873174,"E":1757096873174}
{"e":"bookTicker","u":8522542615871,"s":"BTCUSDT","b":"110880.60","B":"58.538","a":"110880.70","A":"7.134","T":1757096873174,"E":1757096873174}
{"e":"bookTicker","u":8522542615883,"s":"BTCUSDT","b":"110880.60","B":"58.538","a":"110880.70","A":"7.136","T":1757096873174,"E":1757096873174}
{"e":"bookTicker","u":8522542615913,"s":"BTCUSDT","b":"110880.60","B":"58.538","a":"110880.70","A":"7.135","T":1757096873175,"E":1757096873175}
{"e":"bookTicker","u":8522542615921,"s":"BTCUSDT","b":"110880.60","B":"58.537","a":"110880.70","A":"7.135","T":1757096873175,"E":1757096873175}
{"e":"bookTicker","u":8522542615983,"s":"BTCUSDT","b":"110880.60","B":"58.537","a":"110880.70","A":"7.340","T":1757096873177,"E":1757096873177}
{"e":"bookTicker","u":8522542615994,"s":"BTCUSDT","b":"110880.60","B":"58.537","a":"110880.70","A":"7.135","T":1757096873177,"E":1757096873177}
{"e":"bookTicker","u":8522542616055,"s":"BTCUSDT","b":"110880.60","B":"58.537","a":"110880.70","A":"7.340","T":1757096873179,"E":1757096873179}
{"e":"bookTicker","u":8522542616130,"s":"BTCUSDT","b":"110880.60","B":"58.537","a":"110880.70","A":"7.338","T":1757096873181,"E":1757096873181}
{"e":"bookTicker","u":8522542616146,"s":"BTCUSDT","b":"110880.60","B":"58.537","a":"110880.70","A":"7.340","T":1757096873181,"E":1757096873181}
{"e":"bookTicker","u":8522542617908,"s":"BTCUSDT","b":"110880.60","B":"58.537","a":"110880.70","A":"7.341","T":1757096873224,"E":1757096873224}
{"e":"bookTicker","u":8522542617910,"s":"BTCUSDT","b":"110880.60","B":"58.538","a":"110880.70","A":"7.341","T":1757096873224,"E":1757096873224}
{"e":"bookTicker","u":8522542617955,"s":"BTCUSDT","b":"110880.60","B":"58.538","a":"110880.70","A":"7.340","T":1757096873225,"E":1757096873225}
{"e":"bookTicker","u":8522542617956,"s":"BTCUSDT","b":"110880.60","B":"58.537","a":"110880.70","A":"7.340","T":1757096873225,"E":1757096873225}
{"e":"bookTicker","u":8522542617979,"s":"BTCUSDT","b":"110880.60","B":"58.537","a":"110880.70","A":"7.338","T":1757096873226,"E":1757096873226}
{"e":"bookTicker","u":8522542618014,"s":"BTCUSDT","b":"110880.60","B":"58.537","a":"110880.70","A":"7.340","T":1757096873226,"E":1757096873227}
{"e":"bookTicker","u":8522542619886,"s":"BTCUSDT","b":"110880.60","B":"58.537","a":"110880.70","A":"7.341","T":1757096873274,"E":1757096873274}
{"e":"bookTicker","u":8522542619887,"s":"BTCUSDT","b":"110880.60","B":"58.538","a":"110880.70","A":"7.341","T":1757096873274,"E":1757096873274}
{"e":"bookTicker","u":8522542619936,"s":"BTCUSDT","b":"110880.60","B":"58.538","a":"110880.70","A":"7.340","T":1757096873275,"E":1757096873275}
{"e":"bookTicker","u":8522542619945,"s":"BTCUSDT","b":"110880.60","B":"58.537","a":"110880.70","A":"7.340","T":1757096873275,"E":1757096873276}
{"e":"bookTicker","u":8522542620958,"s":"BTCUSDT","b":"110880.60","B":"58.537","a":"110880.70","A":"7.135","T":1757096873301,"E":1757096873302}
{"e":"bookTicker","u":8522542621154,"s":"BTCUSDT","b":"110880.60","B":"58.537","a":"110880.70","A":"7.133","T":1757096873303,"E":1757096873303}
{"e":"bookTicker","u":8522542621382,"s":"BTCUSDT","b":"110880.60","B":"58.537","a":"110880.70","A":"7.135","T":1757096873305,"E":1757096873306}
{"e":"bookTicker","u":8522542622135,"s":"BTCUSDT","b":"110880.60","B":"58.538","a":"110880.70","A":"7.135","T":1757096873324,"E":1757096873324}
{"e":"bookTicker","u":8522542622138,"s":"BTCUSDT","b":"110880.60","B":"58.538","a":"110880.70","A":"7.136","T":1757096873324,"E":1757096873324}
{"e":"bookTicker","u":8522542622161,"s":"BTCUSDT","b":"110880.60","B":"58.537","a":"110880.70","A":"7.136","T":1757096873325,"E":1757096873325}
{"e":"bookTicker","u":8522542622171,"s":"BTCUSDT","b":"110880.60","B":"58.537","a":"110880.70","A":"7.135","T":1757096873325,"E":1757096873325}
{"e":"bookTicker","u":8522542622289,"s":"BTCUSDT","b":"110880.60","B":"58.537","a":"110880.70","A":"7.340","T":1757096873328,"E":1757096873328}
{"e":"bookTicker","u":8522542622328,"s":"BTCUSDT","b":"110880.60","B":"58.537","a":"110880.70","A":"7.135","T":1757096873329,"E":1757096873330}
{"e":"bookTicker","u":8522542622347,"s":"BTCUSDT","b":"110880.60","B":"58.537","a":"110880.70","A":"7.133","T":1757096873330,"E":1757096873330}
{"e":"bookTicker","u":8522542622353,"s":"BTCUSDT","b":"110880.60","B":"58.537","a":"110880.70","A":"7.135","T":1757096873330,"E":1757096873331}
{"e":"bookTicker","u":8522542622414,"s":"BTCUSDT","b":"110880.60","B":"58.537","a":"110880.70","A":"7.340","T":1757096873333,"E":1757096873333}
{"e":"bookTicker","u":8522542622466,"s":"BTCUSDT","b":"110880.60","B":"58.537","a":"110880.70","A":"7.135","T":1757096873335,"E":1757096873335}
{"e":"bookTicker","u":8522542622510,"s":"BTCUSDT","b":"110880.60","B":"58.537","a":"110880.70","A":"7.133","T":1757096873337,"E":1757096873337}
{"e":"bookTicker","u":8522542622520,"s":"BTCUSDT","b":"110880.60","B":"58.537","a":"110880.70","A":"7.135","T":1757096873337,"E":1757096873337}
{"e":"bookTicker","u":8522542622526,"s":"BTCUSDT","b":"110880.60","B":"58.537","a":"110880.70","A":"7.340","T":1757096873337,"E":1757096873338}
{"e":"bookTicker","u":8522542623246,"s":"BTCUSDT","b":"110880.60","B":"58.537","a":"110880.70","A":"7.338","T":1757096873357,"E":1757096873357}
{"e":"bookTicker","u":8522542623256,"s":"BTCUSDT","b":"110880.60","B":"58.537","a":"110880.70","A":"7.340","T":1757096873357,"E":1757096873358}
{"e":"bookTicker","u":8522542623690,"s":"BTCUSDT","b":"110880.60","B":"58.537","a":"110880.70","A":"7.341","T":1757096873374,"E":1757096873374}
{"e":"bookTicker","u":8522542623691,"s":"BTCUSDT","b":"110880.60","B":"58.538","a":"110880.70","A":"7.341","T":1757096873374,"E":1757096873374}
{"e":"bookTicker","u":8522542623723,"s":"BTCUSDT","b":"110880.60","B":"58.538","a":"110880.70","A":"7.339","T":1757096873376,"E":1757096873376}
{"e":"bookTicker","u":8522542623737,"s":"BTCUSDT","b":"110880.60","B":"58.538","a":"110880.70","A":"7.341","T":1757096873376,"E":1757096873376}
{"e":"bookTicker","u":8522542623741,"s":"BTCUSDT","b":"110880.60","B":"58.537","a":"110880.70","A":"7.341","T":1757096873376,"E":1757096873376}
{"e":"bookTicker","u":8522542623751,"s":"BTCUSDT","b":"110880.60","B":"58.537","a":"110880.70","A":"7.340","T":1757096873376,"E":1757096873376}
{"e":"bookTicker","u":8522542624041,"s":"BTCUSDT","b":"110880.60","B":"58.546","a":"110880.70","A":"7.340","T":1757096873386,"E":1757096873386}
{"e":"bookTicker","u":8522542625448,"s":"BTCUSDT","b":"110880.60","B":"58.546","a":"110880.70","A":"7.341","T":1757096873424,"E":1757096873424}
{"e":"bookTicker","u":8522542625453,"s":"BTCUSDT","b":"110880.60","B":"58.547","a":"110880.70","A":"7.341","T":1757096873424,"E":1757096873424}
{"e":"bookTicker","u":8522542625492,"s":"BTCUSDT","b":"110880.60","B":"58.547","a":"110880.70","A":"7.340","T":1757096873425,"E":1757096873425}
