{"e":"bookTicker","u":8522540472965,"s":"BTCUSDT","b":"110827.50","B":"15.499","a":"110827.60","A":"5.006","T":1757096842446,"E":1757096842446}
{"e":"bookTicker","u":8522540472992,"s":"BTCUSDT","b":"110827.50","B":"15.500","a":"110827.60","A":"5.006","T":1757096842446,"E":1757096842446}
{"e":"bookTicker","u":8522540473088,"s":"BTCUSDT","b":"110827.50","B":"15.500","a":"110827.60","A":"5.005","T":1757096842447,"E":1757096842447}
{"e":"bookTicker","u":8522540473115,"s":"BTCUSDT","b":"110827.50","B":"15.499","a":"110827.60","A":"5.005","T":1757096842447,"E":1757096842447}
{"e":"bookTicker","u":8522540476584,"s":"BTCUSDT","b":"110827.50","B":"15.500","a":"110827.60","A":"5.005","T":1757096842495,"E":1757096842496}
{"e":"bookTicker","u":8522540476596,"s":"BTCUSDT","b":"110827.50","B":"15.500","a":"110827.60","A":"5.006","T":1757096842496,"E":1757096842496}
{"e":"bookTicker","u":8522540476670,"s":"BTCUSDT","b":"110827.50","B":"15.499","a":"110827.60","A":"5.006","T":1757096842497,"E":1757096842497}
{"e":"bookTicker","u":8522540476689,"s":"BTCUSDT","b":"110827.50","B":"15.499","a":"110827.60","A":"5.005","T":1757096842497,"E":1757096842497}
{"e":"bookTicker","u":8522540477010,"s":"BTCUSDT","b":"110827.50","B":"15.150","a":"110827.60","A":"5.005","T":1757096842502,"E":1757096842502}
{"e":"bookTicker","u":8522540477305,"s":"BTCUSDT","b":"110827.50","B":"15.177","a":"110827.60","A":"5.005","T":1757096842508,"E":1757096842508}
{"e":"bookTicker","u":8522540478269,"s":"BTCUSDT","b":"110827.50","B":"15.530","a":"110827.60","A":"5.005","T":1757096842523,"E":1757096842523}
{"e":"bookTicker","u":8522540478378,"s":"BTCUSDT","b":"110827.50","B":"15.524","a":"110827.60","A":"5.005","T":1757096842525,"E":1757096842525}
{"e":"bookTicker","u":8522540478412,"s":"BTCUSDT","b":"110827.50","B":"15.530","a":"110827.60","A":"5.005","T":1757096842525,"E":1757096842525}
{"e":"bookTicker","u":8522540478597,"s":"BTCUSDT","b":"110827.50","B":"15.530","a":"110827.60","A":"5.241","T":1757096842527,"E":1757096842527}
{"e":"bookTicker","u":8522540478702,"s":"BTCUSDT","b":"110827.50","B":"15.530","a":"110827.60","A":"5.239","T":1757096842529,"E":1757096842529}
{"e":"bookTicker","u":8522540478714,"s":"BTCUSDT","b":"110827.50","B":"15.530","a":"110827.60","A":"5.241","T":1757096842529,"E":1757096842529}
{"e":"bookTicker","u":8522540478768,"s":"BTCUSDT","b":"110827.50","B":"15.524","a":"110827.60","A":"5.241","T":1757096842530,"E":1757096842531}
{"e":"bookTicker","u":8522540478788,"s":"BTCUSDT","b":"110827.50","B":"15.530","a":"110827.60","A":"5.241","T":1757096842531,"E":1757096842531}
{"e":"bookTicker","u":8522540479635,"s":"BTCUSDT","b":"110827.50","B":"15.531","a":"110827.60","A":"5.241","T":1757096842546,"E":1757096842546}
{"e":"bookTicker","u":8522540479641,"s":"BTCUSDT","b":"110827.50","B":"15.531","a":"110827.60","A":"5.242","T":1757096842546,"E":1757096842546}
{"e":"bookTicker","u":8522540479681,"s":"BTCUSDT","b":"110827.50","B":"15.530","a":"110827.60","A":"5.242","T":1757096842547,"E":1757096842547}
{"e":"bookTicker","u":8522540479702,"s":"BTCUSDT","b":"110827.50","B":"15.530","a":"110827.60","A":"5.241","T":1757096842547,"E":1757096842547}
{"e":"bookTicker","u":8522540479714,"s":"BTCUSDT","b":"110827.50","B":"15.530","a":"110827.60","A":"5.239","T":1757096842548,"E":1757096842548}
{"e":"bookTicker","u":8522540479727,"s":"BTCUSDT","b":"110827.50","B":"15.530","a":"110827.60","A":"5.241","T":1757096842548,"E":1757096842548}
{"e":"bookTicker","u":8522540479771,"s":"BTCUSDT","b":"110827.50","B":"15.530","a":"110827.60","A":"5.005","T":1757096842549,"E":1757096842549}
{"e":"bookTicker","u":8522540480992,"s":"BTCUSDT","b":"110827.50","B":"15.530","a":"110827.60","A":"4.966","T":1757096842576,"E":1757096842576}
{"e":"bookTicker","u":8522540482163,"s":"BTCUSDT","b":"110827.50","B":"15.530","a":"110827.60","A":"4.967","T":1757096842595,"E":1757096842596}
{"e":"bookTicker","u":8522540482167,"s":"BTCUSDT","b":"110827.50","B":"15.531","a":"110827.60","A":"4.967","T":1757096842596,"E":1757096842596}
{"e":"bookTicker","u":8522540482261,"s":"BTCUSDT","b":"110827.50","B":"15.531","a":"110827.60","A":"4.966","T":1757096842597,"E":1757096842597}
{"e":"bookTicker","u":8522540482277,"s":"BTCUSDT","b":"110827.50","B":"15.530","a":"110827.60","A":"4.966","T":1757096842597,"E":1757096842597}
{"e":"bookTicker","u":8522540484470,"s":"BTCUSDT","b":"110827.50","B":"15.531","a":"110827.60","A":"4.966","T":1757096842646,"E":1757096842646}
{"e":"bookTicker","u":8522540484471,"s":"BTCUSDT","b":"110827.50","B":"15.531","a":"110827.60","A":"4.967","T":1757096842646,"E":1757096842646}
{"e":"bookTicker","u":8522540484692,"s":"BTCUSDT","b":"110827.50","B":"15.530","a":"110827.60","A":"4.967","T":1757096842647,"E":1757096842647}
{"e":"bookTicker","u":8522540484725,"s":"BTCUSDT","b":"110827.50","B":"15.530","a":"110827.60","A":"4.966","T":1757096842647,"E":1757096842648}
{"e":"bookTicker","u":8522540484730,"s":"BTCUSDT","b":"110827.50","B":"15.530","a":"110827.60","A":"5.350","T":1757096842647,"E":1757096842648}
{"e":"bookTicker","u":8522540484805,"s":"BTCUSDT","b":"110827.50","B":"15.235","a":"110827.60","A":"5.350","T":1757096842648,"E":1757096842649}
{"e":"bookTicker","u":8522540484940,"s":"BTCUSDT","b":"110827.50","B":"15.235","a":"110827.60","A":"5.348","T":1757096842649,"E":1757096842649}
{"e":"bookTicker","u":8522540484988,"s":"BTCUSDT","b":"110827.50","B":"15.235","a":"110827.60","A":"5.350","T":1757096842649,"E":1757096842649}
{"e":"bookTicker","u":8522540485137,"s":"BTCUSDT","b":"110827.50","B":"15.235","a":"110827.60","A":"5.586","T":1757096842650,"E":1757096842651}
{"e":"bookTicker","u":8522540485704,"s":"BTCUSDT","b":"110827.50","B":"15.514","a":"110827.60","A":"5.586","T":1757096842659,"E":1757096842659}
{"e":"bookTicker","u":8522540485832,"s":"BTCUSDT","b":"110827.50","B":"15.508","a":"110827.60","A":"5.586","T":1757096842661,"E":1757096842662}
{"e":"bookTicker","u":8522540485833,"s":"BTCUSDT","b":"110827.50","B":"15.508","a":"110827.60","A":"5.584","T":1757096842661,"E":1757096842662}
{"e":"bookTicker","u":8522540485844,"s":"BTCUSDT","b":"110827.50","B":"15.514","a":"110827.60","A":"5.584","T":1757096842662,"E":1757096842662}
{"e":"bookTicker","u":8522540485855,"s":"BTCUSDT","b":"110827.50","B":"15.514","a":"110827.60","A":"5.586","T":1757096842662,"E":1757096842662}
{"e":"bookTicker","u":8522540487560,"s":"BTCUSDT","b":"110827.50","B":"15.515","a":"110827.60","A":"5.586","T":1757096842696,"E":1757096842696}
{"e":"bookTicker","u":8522540487561,"s":"BTCUSDT","b":"110827.50","B":"15.515","a":"110827.60","A":"5.587","T":1757096842696,"E":1757096842696}
{"e":"bookTicker","u":8522540487586,"s":"BTCUSDT","b":"110827.50","B":"15.514","a":"110827.60","A":"5.587","T":1757096842697,"E":1757096842697}
{"e":"bookTicker","u":8522540487589,"s":"BTCUSDT","b":"110827.50","B":"15.514","a":"110827.60","A":"5.586","T":1757096842697,"E":1757096842697}
{"e":"bookTicker","u":8522540487594,"s":"BTCUSDT","b":"110827.50","B":"15.508","a":"110827.60","A":"5.586","T":1757096842697,"E":1757096842697}
{"e":"bookTicker","u":8522540487616,"s":"BTCUSDT","b":"110827.50","B":"15.514","a":"110827.60","A":"5.586","T":1757096842697,"E":1757096842698}
{"e":"bookTicker","u":8522540488041,"s":"BTCUSDT","b":"110827.50","B":"15.514","a":"110827.60","A":"5.613","T":1757096842703,"E":1757096842703}
{"e":"bookTicker","u":8522540489283,"s":"BTCUSDT","b":"110827.50","B":"15.495","a":"110827.60","A":"5.613","T":1757096842724,"E":1757096842724}
{"e":"bookTicker","u":8522540489375,"s":"BTCUSDT","b":"110827.50","B":"15.476","a":"110827.60","A":"5.613","T":1757096842726,"E":1757096842726}
{"e":"bookTicker","u":8522540489395,"s":"BTCUSDT","b":"110827.50","B":"15.476","a":"110827.60","A":"5.377","T":1757096842726,"E":1757096842726}
{"e":"bookTicker","u":8522540489473,"s":"BTCUSDT","b":"110827.50","B":"15.476","a":"110827.60","A":"5.375","T":1757096842727,"E":1757096842728}
{"e":"bookTicker","u":8522540489535,"s":"BTCUSDT","b":"110827.50","B":"15.476","a":"110827.60","A":"5.611","T":1757096842729,"E":1757096842729}
{"e":"bookTicker","u":8522540489614,"s":"BTCUSDT","b":"110827.50","B":"15.476","a":"110827.60","A":"5.613","T":1757096842730,"E":1757096842730}
{"e":"bookTicker","u":8522540489639,"s":"BTCUSDT","b":"110827.50","B":"15.476","a":"110827.60","A":"5.611","T":1757096842730,"E":1757096842730}
{"e":"bookTicker","u":8522540489664,"s":"BTCUSDT","b":"110827.50","B":"15.476","a":"110827.60","A":"5.613","T":1757096842730,"E":1757096842731}
{"e":"bookTicker","u":8522540490580,"s":"BTCUSDT","b":"110827.50","B":"15.476","a":"110827.60","A":"5.614","T":1757096842746,"E":1757096842746}
{"e":"bookTicker","u":8522540490581,"s":"BTCUSDT","b":"110827.50","B":"15.477","a":"110827.60","A":"5.614","T":1757096842746,"E":1757096842746}
{"e":"bookTicker","u":8522540490614,"s":"BTCUSDT","b":"110827.50","B":"15.477","a":"110827.60","A":"5.613","T":1757096842747,"E":1757096842747}
{"e":"bookTicker","u":8522540490631,"s":"BTCUSDT","b":"110827.50","B":"15.476","a":"110827.60","A":"5.613","T":1757096842747,"E":1757096842747}
{"e":"bookTicker","u":8522540490644,"s":"BTCUSDT","b":"110827.50","B":"15.476","a":"110827.60","A":"5.611","T":1757096842747,"E":1757096842748}
{"e":"bookTicker","u":8522540490649,"s":"BTCUSDT","b":"110827.50","B":"15.476","a":"110827.60","A":"5.613","T":1757096842748,"E":1757096842748}
{"e":"bookTicker","u":8522540493145,"s":"BTCUSDT","b":"110827.50","B":"15.476","a":"110827.60","A":"5.614","T":1757096842796,"E":1757096842796}
{"e":"bookTicker","u":8522540493156,"s":"BTCUSDT","b":"110827.50","B":"15.477","a":"110827.60","A":"5.614","T":1757096842796,"E":1757096842796}
{"e":"bookTicker","u":8522540493193,"s":"BTCUSDT","b":"110827.50","B":"15.477","a":"110827.60","A":"5.613","T":1757096842797,"E":1757096842797}
{"e":"bookTicker","u":8522540493239,"s":"BTCUSDT","b":"110827.50","B":"15.476","a":"110827.60","A":"5.613","T":1757096842797,"E":1757096842797}
{"e":"bookTicker","u":8522540493255,"s":"BTCUSDT","b":"110827.50","B":"14.795","a":"110827.60","A":"5.613","T":1757096842798,"E":1757096842798}
{"e":"bookTicker","u":8522540493267,"s":"BTCUSDT","b":"110827.50","B":"14.114","a":"110827.60","A":"5.613","T":1757096842798,"E":1757096842798}
{"e":"bookTicker","u":8522540493655,"s":"BTCUSDT","b":"110827.50","B":"14.113","a":"110827.60","A":"5.613","T":1757096842804,"E":1757096842804}
{"e":"bookTicker","u":8522540493724,"s":"BTCUSDT","b":"110827.50","B":"13.868","a":"110827.60","A":"5.613","T":1757096842806,"E":1757096842806}
{"e":"bookTicker","u":8522540493870,"s":"BTCUSDT","b":"110827.50","B":"13.960","a":"110827.60","A":"5.613","T":1757096842809,"E":1757096842809}
{"e":"bookTicker","u":8522540495267,"s":"BTCUSDT","b":"110827.50","B":"13.961","a":"110827.60","A":"5.613","T":1757096842846,"E":1757096842846}
{"e":"bookTicker","u":8522540495271,"s":"BTCUSDT","b":"110827.50","B":"13.961","a":"110827.60","A":"5.614","T":1757096842846,"E":1757096842846}
{"e":"bookTicker","u":8522540495283,"s":"BTCUSDT","b":"110827.50","B":"13.960","a":"110827.60","A":"5.614","T":1757096842847,"E":1757096842847}
{"e":"bookTicker","u":8522540495293,"s":"BTCUSDT","b":"110827.50","B":"13.960","a":"110827.60","A":"5.613","T":1757096842847,"E":1757096842847}
{"e":"bookTicker","u":8522540495318,"s":"BTCUSDT","b":"110827.50","B":"13.933","a":"110827.60","A":"5.613","T":1757096842848,"E":1757096842848}
{"e":"bookTicker","u":8522540495929,"s":"BTCUSDT","b":"110827.50","B":"13.929","a":"110827.60","A":"5.613","T":1757096842860,"E":1757096842860}
{"e":"bookTicker","u":8522540495936,"s":"BTCUSDT","b":"110827.50","B":"13.925","a":"110827.60","A":"5.613","T":1757096842860,"E":1757096842860}
{"e":"bookTicker","u":8522540495951,"s":"BTCUSDT","b":"110827.50","B":"13.923","a":"110827.60","A":"5.613","T":1757096842861,"E":1757096842861}
{"e":"bookTicker","u":8522540496035,"s":"BTCUSDT","b":"110827.50","B":"13.923","a":"110827.60","A":"5.939","T":1757096842862,"E":1757096842862}
{"e":"bookTicker","u":8522540496038,"s":"BTCUSDT","b":"110827.50","B":"13.923","a":"110827.60","A":"6.502","T":1757096842862,"E":1757096842862}
{"e":"bookTicker","u":8522540496091,"s":"BTCUSDT","b":"110827.50","B":"13.923","a":"110827.60","A":"6.500","T":1757096842864,"E":1757096842864}
{"e":"bookTicker","u":8522540496126,"s":"BTCUSDT","b":"110827.50","B":"13.923","a":"110827.60","A":"6.502","T":1757096842864,"E":1757096842864}
{"e":"bookTicker","u":8522540496424,"s":"BTCUSDT","b":"110827.50","B":"13.842","a":"110827.60","A":"6.502","T":1757096842871,"E":1757096842871}
{"e":"bookTicker","u":8522540496465,"s":"BTCUSDT","b":"110827.50","B":"13.842","a":"110827.60","A":"6.500","T":1757096842872,"E":1757096842872}
{"e":"bookTicker","u":8522540496473,"s":"BTCUSDT","b":"110827.50","B":"13.842","a":"110827.60","A":"6.502","T":1757096842872,"E":1757096842872}
{"e":"bookTicker","u":8522540496598,"s":"BTCUSDT","b":"110827.50","B":"13.941","a":"110827.60","A":"6.502","T":1757096842874,"E":1757096842874}
{"e":"bookTicker","u":8522540496747,"s":"BTCUSDT","b":"110827.50","B":"13.935","a":"110827.60","A":"6.502","T":1757096842876,"E":1757096842876}
{"e":"bookTicker","u":8522540496758,"s":"BTCUSDT","b":"110827.50","B":"13.941","a":"110827.60","A":"6.502","T":1757096842876,"E":1757096842876}
{"e":"bookTicker","u":8522540497291,"s":"BTCUSDT","b":"110827.50","B":"13.941","a":"110827.60","A":"6.503","T":1757096842896,"E":1757096842896}
{"e":"bookTicker","u":8522540497298,"s":"BTCUSDT","b":"110827.50","B":"13.942","a":"110827.60","A":"6.503","T":1757096842896,"E":1757096842896}
{"e":"bookTicker","u":8522540497337,"s":"BTCUSDT","b":"110827.50","B":"13.942","a":"110827.60","A":"6.502","T":1757096842897,"E":1757096842897}
{"e":"bookTicker","u":8522540497348,"s":"BTCUSDT","b":"110827.50","B":"13.941","a":"110827.60","A":"6.502","T":1757096842897,"E":1757096842897}
{"e":"bookTicker","u":8522540497588,"s":"BTCUSDT","b":"110827.50","B":"13.939","a":"110827.60","A":"6.502","T":1757096842902,"E":1757096842903}
{"e":"bookTicker","u":8522540497982,"s":"BTCUSDT","b":"110827.50","B":"13.939","a":"110827.60","A":"6.176","T":1757096842917,"E":1757096842918}
{"e":"bookTicker","u":8522540499162,"s":"BTCUSDT","b":"110827.50","B":"13.940","a":"110827.60","A":"6.176","T":1757096842946,"E":1757096842946}
{"e":"bookTicker","u":8522540499168,"s":"BTCUSDT","b":"110827.50","B":"13.940","a":"110827.60","A":"6.177","T":1757096842946,"E":1757096842946}
{"e":"bookTicker","u":8522540499196,"s":"BTCUSDT","b":"110827.50","B":"13.939","a":"110827.60","A":"6.177","T":1757096842947,"E":1757096842947}
{"e":"bookTicker","u":8522540499204,"s":"BTCUSDT","b":"110827.50","B":"13.939","a":"110827.60","A":"6.176","T":1757096842947,"E":1757096842947}
{"e":"bookTicker","u":8522540499812,"s":"BTCUSDT","b":"110827.50","B":"13.840","a":"110827.60","A":"6.176","T":1757096842957,"E":1757096842957}
{"e":"bookTicker","u":8522540501259,"s":"BTCUSDT","b":"110827.50","B":"13.844","a":"110827.60","A":"6.176","T":1757096842995,"E":1757096842995}
{"e":"bookTicker","u":8522540501265,"s":"BTCUSDT","b":"110827.50","B":"13.842","a":"110827.60","A":"6.176","T":1757096842995,"E":1757096842995}
{"e":"bookTicker","u":8522540501276,"s":"BTCUSDT","b":"110827.50","B":"13.844","a":"110827.60","A":"6.176","T":1757096842995,"E":1757096842995}
{"e":"bookTicker","u":8522540501316,"s":"BTCUSDT","b":"110827.50","B":"13.845","a":"110827.60","A":"6.176","T":1757096842996,"E":1757096842996}
{"e":"bookTicker","u":8522540501322,"s":"BTCUSDT","b":"110827.50","B":"13.845","a":"110827.60","A":"6.177","T":1757096842996,"E":1757096842996}
{"e":"bookTicker","u":8522540501344,"s":"BTCUSDT","b":"110827.50","B":"13.844","a":"110827.60","A":"6.177","T":1757096842997,"E":1757096842997}
{"e":"bookTicker","u":8522540501354,"s":"BTCUSDT","b":"110827.50","B":"13.844","a":"110827.60","A":"6.176","T":1757096842997,"E":1757096842998}
{"e":"bookTicker","u":8522540502012,"s":"BTCUSDT","b":"110827.50","B":"13.844","a":"110827.60","A":"5.792","T":1757096843007,"E":1757096843008}
{"e":"bookTicker","u":8522540502300,"s":"BTCUSDT","b":"110827.50","B":"13.844","a":"110827.60","A":"5.229","T":1757096843010,"E":1757096843010}
{"e":"bookTicker","u":8522540502392,"s":"BTCUSDT","b":"110827.50","B":"13.845","a":"110827.60","A":"5.229","T":1757096843012,"E":1757096843012}
{"e":"bookTicker","u":8522540502406,"s":"BTCUSDT","b":"110827.50","B":"13.753","a":"110827.60","A":"5.229","T":1757096843012,"E":1757096843012}
{"e":"bookTicker","u":8522540502429,"s":"BTCUSDT","b":"110827.50","B":"13.753","a":"110827.60","A":"4.942","T":1757096843012,"E":1757096843012}
{"e":"bookTicker","u":8522540502569,"s":"BTCUSDT","b":"110827.50","B":"13.753","a":"110827.60","A":"4.943","T":1757096843014,"E":1757096843015}
{"e":"bookTicker","u":8522540502668,"s":"BTCUSDT","b":"110827.50","B":"13.753","a":"110827.60","A":"4.707","T":1757096843017,"E":1757096843017}
{"e":"bookTicker","u":8522540504623,"s":"BTCUSDT","b":"110827.50","B":"13.753","a":"110827.60","A":"4.708","T":1757096843046,"E":1757096843046}
{"e":"bookTicker","u":8522540504630,"s":"BTCUSDT","b":"110827.50","B":"13.754","a":"110827.60","A":"4.708","T":1757096843046,"E":1757096843046}
{"e":"bookTicker","u":8522540504691,"s":"BTCUSDT","b":"110827.50","B":"13.754","a":"110827.60","A":"4.995","T":1757096843047,"E":1757096843047}
{"e":"bookTicker","u":8522540504695,"s":"BTCUSDT","b":"110827.50","B":"13.754","a":"110827.60","A":"5.231","T":1757096843047,"E":1757096843047}
{"e":"bookTicker","u":8522540504700,"s":"BTCUSDT","b":"110827.50","B":"13.754","a":"110827.60","A":"5.230","T":1757096843047,"E":1757096843047}
{"e":"bookTicker","u":8522540504702,"s":"BTCUSDT","b":"110827.50","B":"13.753","a":"110827.60","A":"5.230","T":1757096843047,"E":1757096843047}
{"e":"bookTicker","u":8522540504731,"s":"BTCUSDT","b":"110827.50","B":"13.753","a":"110827.60","A":"5.228","T":1757096843048,"E":1757096843048}
{"e":"bookTicker","u":8522540504747,"s":"BTCUSDT","b":"110827.50","B":"13.753","a":"110827.60","A":"5.230","T":1757096843048,"E":1757096843049}
{"e":"bookTicker","u":8522540505419,"s":"BTCUSDT","b":"110827.50","B":"13.753","a":"110827.60","A":"5.228","T":1757096843067,"E":1757096843067}
{"e":"bookTicker","u":8522540505429,"s":"BTCUSDT","b":"110827.50","B":"13.753","a":"110827.60","A":"5.230","T":1757096843067,"E":1757096843067}
{"e":"bookTicker","u":8522540506855,"s":"BTCUSDT","b":"110827.50","B":"13.753","a":"110827.60","A":"5.231","T":1757096843096,"E":1757096843096}
{"e":"bookTicker","u":8522540506857,"s":"BTCUSDT","b":"110827.50","B":"13.754","a":"110827.60","A":"5.231","T":1757096843096,"E":1757096843096}
{"e":"bookTicker","u":8522540506878,"s":"BTCUSDT","b":"110827.50","B":"13.754","a":"110827.60","A":"5.230","T":1757096843097,"E":1757096843097}
{"e":"bookTicker","u":8522540506881,"s":"BTCUSDT","b":"110827.50","B":"13.753","a":"110827.60","A":"5.230","T":1757096843097,"E":1757096843097}
{"e":"bookTicker","u":8522540507805,"s":"BTCUSDT","b":"110827.50","B":"13.716","a":"110827.60","A":"5.230","T":1757096843117,"E":1757096843117}
{"e":"bookTicker","u":8522540508851,"s":"BTCUSDT","b":"110827.50","B":"13.716","a":"110827.60","A":"5.231","T":1757096843146,"E":1757096843146}
{"e":"bookTicker","u":8522540508862,"s":"BTCUSDT","b":"110827.50","B":"13.717","a":"110827.60","A":"5.231","T":1757096843146,"E":1757096843147}
{"e":"bookTicker","u":8522540508899,"s":"BTCUSDT","b":"110827.50","B":"13.717","a":"110827.60","A":"5.230","T":1757096843147,"E":1757096843147}
{"e":"bookTicker","u":8522540508907,"s":"BTCUSDT","b":"110827.50","B":"13.716","a":"110827.60","A":"5.230","T":1757096843147,"E":1757096843148}
{"e":"bookTicker","u":8522540509010,"s":"BTCUSDT","b":"110827.50","B":"13.716","a":"110827.60","A":"6.453","T":1757096843150,"E":1757096843150}
{"e":"bookTicker","u":8522540509068,"s":"BTCUSDT","b":"110827.50","B":"13.716","a":"110827.60","A":"6.451","T":1757096843152,"E":1757096843152}
{"e":"bookTicker","u":8522540509077,"s":"BTCUSDT","b":"110827.50","B":"13.879","a":"110827.60","A":"6.451","T":1757096843152,"E":1757096843152}
{"e":"bookTicker","u":8522540509081,"s":"BTCUSDT","b":"110827.50","B":"13.879","a":"110827.60","A":"6.453","T":1757096843152,"E":1757096843152}
{"e":"bookTicker","u":8522540509156,"s":"BTCUSDT","b":"110827.50","B":"13.873","a":"110827.60","A":"6.453","T":1757096843154,"E":1757096843154}
{"e":"bookTicker","u":8522540509195,"s":"BTCUSDT","b":"110827.50","B":"13.879","a":"110827.60","A":"6.453","T":1757096843155,"E":1757096843155}
{"e":"bookTicker","u":8522540510426,"s":"BTCUSDT","b":"110827.50","B":"13.879","a":"110827.60","A":"6.454","T":1757096843196,"E":1757096843196}
{"e":"bookTicker","u":8522540510427,"s":"BTCUSDT","b":"110827.50","B":"13.880","a":"110827.60","A":"6.454","T":1757096843196,"E":1757096843196}
{"e":"bookTicker","u":8522540510466,"s":"BTCUSDT","b":"110827.50","B":"13.880","a":"110827.60","A":"6.453","T":1757096843197,"E":1757096843198}
{"e":"bookTicker","u":8522540510477,"s":"BTCUSDT","b":"110827.50","B":"13.879","a":"110827.60","A":"6.453","T":1757096843198,"E":1757096843198}
{"e":"bookTicker","u":8522540510494,"s":"BTCUSDT","b":"110827.50","B":"13.879","a":"110827.60","A":"6.451","T":1757096843198,"E":1757096843198}
{"e":"bookTicker","u":8522540510527,"s":"BTCUSDT","b":"110827.50","B":"13.879","a":"110827.60","A":"6.453","T":1757096843198,"E":1757096843198}
{"e":"bookTicker","u":8522540512289,"s":"BTCUSDT","b":"110827.50","B":"13.879","a":"110827.60","A":"5.230","T":1757096843235,"E":1757096843235}
{"e":"bookTicker","u":8522540512381,"s":"BTCUSDT","b":"110827.50","B":"13.716","a":"110827.60","A":"5.230","T":1757096843237,"E":1757096843237}
{"e":"bookTicker","u":8522540512384,"s":"BTCUSDT","b":"110827.50","B":"13.716","a":"110827.60","A":"5.228","T":1757096843237,"E":1757096843237}
{"e":"bookTicker","u":8522540512487,"s":"BTCUSDT","b":"110827.50","B":"13.716","a":"110827.60","A":"5.230","T":1757096843239,"E":1757096843239}
{"e":"bookTicker","u":8522540512589,"s":"BTCUSDT","b":"110827.50","B":"13.716","a":"110827.60","A":"6.453","T":1757096843242,"E":1757096843242}
{"e":"bookTicker","u":8522540512618,"s":"BTCUSDT","b":"110827.50","B":"13.716","a":"110827.60","A":"5.230","T":1757096843243,"E":1757096843243}
{"e":"bookTicker","u":8522540512624,"s":"BTCUSDT","b":"110827.50","B":"13.716","a":"110827.60","A":"5.228","T":1757096843243,"E":1757096843243}
{"e":"bookTicker","u":8522540512633,"s":"BTCUSDT","b":"110827.50","B":"13.716","a":"110827.60","A":"5.230","T":1757096843243,"E":1757096843244}
{"e":"bookTicker","u":8522540512642,"s":"BTCUSDT","b":"110827.50","B":"13.879","a":"110827.60","A":"5.230","T":1757096843244,"E":1757096843244}
{"e":"bookTicker","u":8522540512708,"s":"BTCUSDT","b":"110827.50","B":"13.880","a":"110827.60","A":"5.230","T":1757096843246,"E":1757096843246}
{"e":"bookTicker","u":8522540512711,"s":"BTCUSDT","b":"110827.50","B":"13.880","a":"110827.60","A":"5.231","T":1757096843246,"E":1757096843246}
{"e":"bookTicker","u":8522540512717,"s":"BTCUSDT","b":"110827.50","B":"13.880","a":"110827.60","A":"6.454","T":1757096843247,"E":1757096843247}
{"e":"bookTicker","u":8522540512752,"s":"BTCUSDT","b":"110827.50","B":"13.880","a":"110827.60","A":"5.231","T":1757096843247,"E":1757096843247}
{"e":"bookTicker","u":8522540512755,"s":"BTCUSDT","b":"110827.50","B":"13.879","a":"110827.60","A":"5.231","T":1757096843247,"E":1757096843247}
{"e":"bookTicker","u":8522540512766,"s":"BTCUSDT","b":"110827.50","B":"13.879","a":"110827.60","A":"5.230","T":1757096843247,"E":1757096843248}
{"e":"bookTicker","u":8522540512843,"s":"BTCUSDT","b":"110827.50","B":"13.879","a":"110827.60","A":"5.228","T":1757096843249,"E":1757096843249}
{"e":"bookTicker","u":8522540512847,"s":"BTCUSDT","b":"110827.50","B":"13.879","a":"110827.60","A":"5.230","T":1757096843249,"E":1757096843249}
{"e":"bookTicker","u":8522540512863,"s":"BTCUSDT","b":"110827.50","B":"13.879","a":"110827.60","A":"6.453","T":1757096843249,"E":1757096843249}
{"e":"bookTicker","u":8522540512876,"s":"BTCUSDT","b":"110827.50","B":"13.879","a":"110827.60","A":"5.230","T":1757096843249,"E":1757096843250}
{"e":"bookTicker","u":8522540512936,"s":"BTCUSDT","b":"110827.50","B":"13.879","a":"110827.60","A":"5.228","T":1757096843251,"E":1757096843251}
{"e":"bookTicker","u":8522540512995,"s":"BTCUSDT","b":"110827.50","B":"13.879","a":"110827.60","A":"6.451","T":1757096843253,"E":1757096843254}
{"e":"bookTicker","u":8522540513032,"s":"BTCUSDT","b":"110827.50","B":"13.879","a":"110827.60","A":"6.449","T":1757096843254,"E":1757096843255}
{"e":"bookTicker","u":8522540513045,"s":"BTCUSDT","b":"110827.50","B":"13.879","a":"110827.60","A":"6.451","T":1757096843255,"E":1757096843255}
{"e":"bookTicker","u":8522540514408,"s":"BTCUSDT","b":"110827.50","B":"13.879","a":"110827.60","A":"6.452","T":1757096843296,"E":1757096843296}
{"e":"bookTicker","u":8522540514410,"s":"BTCUSDT","b":"110827.50","B":"13.880","a":"110827.60","A":"6.452","T":1757096843296,"E":1757096843296}
{"e":"bookTicker","u":8522540514413,"s":"BTCUSDT","b":"110827.50","B":"13.893","a":"110827.60","A":"6.452","T":1757096843297,"E":1757096843297}
{"e":"bookTicker","u":8522540514424,"s":"BTCUSDT","b":"110827.50","B":"13.893","a":"110827.60","A":"6.451","T":1757096843297,"E":1757096843297}
{"e":"bookTicker","u":8522540514434,"s":"BTCUSDT","b":"110827.50","B":"13.892","a":"110827.60","A":"6.451","T":1757096843297,"E":1757096843298}
{"e":"bookTicker","u":8522540514444,"s":"BTCUSDT","b":"110827.50","B":"13.890","a":"110827.60","A":"6.451","T":1757096843298,"E":1757096843298}
{"e":"bookTicker","u":8522540514450,"s":"BTCUSDT","b":"110827.50","B":"13.890","a":"110827.60","A":"6.449","T":1757096843298,"E":1757096843298}
{"e":"bookTicker","u":8522540514462,"s":"BTCUSDT","b":"110827.50","B":"13.890","a":"110827.60","A":"5.226","T":1757096843298,"E":1757096843299}
{"e":"bookTicker","u":8522540514475,"s":"BTCUSDT","b":"110827.50","B":"13.890","a":"110827.60","A":"5.228","T":1757096843299,"E":1757096843299}
{"e":"bookTicker","u":8522540514504,"s":"BTCUSDT","b":"110827.50","B":"13.892","a":"110827.60","A":"5.228","T":1757096843299,"E":1757096843299}
{"e":"bookTicker","u":8522540514526,"s":"BTCUSDT","b":"110827.50","B":"13.879","a":"110827.60","A":"5.228","T":1757096843300,"E":1757096843300}
{"e":"bookTicker","u":8522540514684,"s":"BTCUSDT","b":"110827.50","B":"13.716","a":"110827.60","A":"5.228","T":1757096843301,"E":1757096843301}
{"e":"bookTicker","u":8522540516935,"s":"BTCUSDT","b":"110827.50","B":"13.716","a":"110827.60","A":"5.229","T":1757096843346,"E":1757096843346}
{"e":"bookTicker","u":8522540516941,"s":"BTCUSDT","b":"110827.50","B":"13.717","a":"110827.60","A":"5.229","T":1757096843346,"E":1757096843346}
{"e":"bookTicker","u":8522540516959,"s":"BTCUSDT","b":"110827.50","B":"13.717","a":"110827.60","A":"5.228","T":1757096843347,"E":1757096843347}
{"e":"bookTicker","u":8522540516967,"s":"BTCUSDT","b":"110827.50","B":"13.716","a":"110827.60","A":"5.228","T":1757096843347,"E":1757096843348}
{"e":"bookTicker","u":8522540516986,"s":"BTCUSDT","b":"110827.50","B":"13.716","a":"110827.60","A":"5.230","T":1757096843348,"E":1757096843349}
