{"e":"bookTicker","u":8522541560166,"s":"BTCUSDT","b":"110859.00","B":"4.898","a":"110859.70","A":"0.114","T":1757096856519,"E":1757096856519}
{"e":"bookTicker","u":8522541560601,"s":"BTCUSDT","b":"110859.00","B":"4.998","a":"110859.70","A":"0.114","T":1757096856520,"E":1757096856520}
{"e":"bookTicker","u":8522541560945,"s":"BTCUSDT","b":"110859.00","B":"5.098","a":"110859.70","A":"0.114","T":1757096856520,"E":1757096856521}
{"e":"bookTicker","u":8522541560948,"s":"BTCUSDT","b":"110859.20","B":"0.002","a":"110859.70","A":"0.114","T":1757096856520,"E":1757096856521}
{"e":"bookTicker","u":8522541561429,"s":"BTCUSDT","b":"110859.60","B":"0.023","a":"110859.70","A":"0.114","T":1757096856521,"E":1757096856522}
{"e":"bookTicker","u":8522541561535,"s":"BTCUSDT","b":"110859.60","B":"0.025","a":"110859.70","A":"0.114","T":1757096856522,"E":1757096856522}
{"e":"bookTicker","u":8522541562944,"s":"BTCUSDT","b":"110859.60","B":"0.030","a":"110859.70","A":"0.114","T":1757096856525,"E":1757096856526}
{"e":"bookTicker","u":8522541563260,"s":"BTCUSDT","b":"110859.60","B":"0.130","a":"110859.70","A":"0.114","T":1757096856526,"E":1757096856526}
{"e":"bookTicker","u":8522541563400,"s":"BTCUSDT","b":"110859.60","B":"0.130","a":"110859.70","A":"0.113","T":1757096856526,"E":1757096856527}
{"e":"bookTicker","u":8522541563461,"s":"BTCUSDT","b":"110859.60","B":"0.230","a":"110859.70","A":"0.113","T":1757096856526,"E":1757096856527}
{"e":"bookTicker","u":8522541563652,"s":"BTCUSDT","b":"110859.60","B":"0.644","a":"110859.70","A":"0.113","T":1757096856527,"E":1757096856527}
{"e":"bookTicker","u":8522541563698,"s":"BTCUSDT","b":"110859.60","B":"1.264","a":"110859.70","A":"0.113","T":1757096856527,"E":1757096856527}
{"e":"bookTicker","u":8522541563750,"s":"BTCUSDT","b":"110859.60","B":"1.286","a":"110859.70","A":"0.113","T":1757096856527,"E":1757096856528}
{"e":"bookTicker","u":8522541566581,"s":"BTCUSDT","b":"110859.60","B":"1.287","a":"110859.70","A":"0.113","T":1757096856534,"E":1757096856534}
{"e":"bookTicker","u":8522541566615,"s":"BTCUSDT","b":"110859.60","B":"1.387","a":"110859.70","A":"0.113","T":1757096856534,"E":1757096856534}
{"e":"bookTicker","u":8522541567528,"s":"BTCUSDT","b":"110859.60","B":"2.289","a":"110859.70","A":"0.113","T":1757096856536,"E":1757096856536}
{"e":"bookTicker","u":8522541569451,"s":"BTCUSDT","b":"110859.60","B":"7.385","a":"110859.70","A":"0.058","T":1757096856541,"E":1757096856541}
{"e":"bookTicker","u":8522541569452,"s":"BTCUSDT","b":"110859.60","B":"7.744","a":"110859.70","A":"0.058","T":1757096856541,"E":1757096856541}
{"e":"bookTicker","u":8522541569460,"s":"BTCUSDT","b":"110859.60","B":"8.103","a":"110859.70","A":"0.058","T":1757096856541,"E":1757096856541}
{"e":"bookTicker","u":8522541569466,"s":"BTCUSDT","b":"110859.60","B":"8.104","a":"110859.70","A":"0.058","T":1757096856541,"E":1757096856541}
{"e":"bookTicker","u":8522541569739,"s":"BTCUSDT","b":"110859.60","B":"8.397","a":"110859.70","A":"0.058","T":1757096856541,"E":1757096856542}
{"e":"bookTicker","u":8522541569773,"s":"BTCUSDT","b":"110859.60","B":"10.011","a":"110859.70","A":"0.058","T":1757096856541,"E":1757096856542}
{"e":"bookTicker","u":8522541569816,"s":"BTCUSDT","b":"110859.60","B":"10.053","a":"110859.70","A":"0.058","T":1757096856541,"E":1757096856542}
{"e":"bookTicker","u":8522541569875,"s":"BTCUSDT","b":"110859.60","B":"10.054","a":"110859.70","A":"0.058","T":1757096856542,"E":1757096856542}
{"e":"bookTicker","u":8522541569884,"s":"BTCUSDT","b":"110859.60","B":"10.829","a":"110859.70","A":"0.058","T":1757096856542,"E":1757096856542}
{"e":"bookTicker","u":8522541569951,"s":"BTCUSDT","b":"110859.60","B":"10.918","a":"110859.70","A":"0.058","T":1757096856542,"E":1757096856542}
{"e":"bookTicker","u":8522541570132,"s":"BTCUSDT","b":"110859.60","B":"10.829","a":"110859.70","A":"0.058","T":1757096856542,"E":1757096856543}
{"e":"bookTicker","u":8522541570134,"s":"BTCUSDT","b":"110859.60","B":"10.054","a":"110859.70","A":"0.058","T":1757096856542,"E":1757096856543}
{"e":"bookTicker","u":8522541570165,"s":"BTCUSDT","b":"110859.60","B":"9.761","a":"110859.70","A":"0.058","T":1757096856542,"E":1757096856543}
{"e":"bookTicker","u":8522541570175,"s":"BTCUSDT","b":"110859.60","B":"9.843","a":"110859.70","A":"0.058","T":1757096856542,"E":1757096856543}
{"e":"bookTicker","u":8522541570255,"s":"BTCUSDT","b":"110859.60","B":"9.879","a":"110859.70","A":"0.058","T":1757096856542,"E":1757096856543}
{"e":"bookTicker","u":8522541570290,"s":"BTCUSDT","b":"110859.60","B":"9.837","a":"110859.70","A":"0.058","T":1757096856543,"E":1757096856543}
{"e":"bookTicker","u":8522541570298,"s":"BTCUSDT","b":"110859.60","B":"10.581","a":"110859.70","A":"0.058","T":1757096856543,"E":1757096856543}
{"e":"bookTicker","u":8522541570465,"s":"BTCUSDT","b":"110859.60","B":"10.876","a":"110859.70","A":"0.058","T":1757096856543,"E":1757096856543}
{"e":"bookTicker","u":8522541570731,"s":"BTCUSDT","b":"110859.60","B":"10.994","a":"110859.70","A":"0.058","T":1757096856544,"E":1757096856544}
{"e":"bookTicker","u":8522541570753,"s":"BTCUSDT","b":"110859.60","B":"11.112","a":"110859.70","A":"0.058","T":1757096856544,"E":1757096856544}
{"e":"bookTicker","u":8522541570793,"s":"BTCUSDT","b":"110859.60","B":"11.230","a":"110859.70","A":"0.058","T":1757096856544,"E":1757096856544}
{"e":"bookTicker","u":8522541570797,"s":"BTCUSDT","b":"110859.60","B":"11.348","a":"110859.70","A":"0.058","T":1757096856544,"E":1757096856544}
{"e":"bookTicker","u":8522541570798,"s":"BTCUSDT","b":"110859.60","B":"11.466","a":"110859.70","A":"0.058","T":1757096856544,"E":1757096856544}
{"e":"bookTicker","u":8522541570812,"s":"BTCUSDT","b":"110859.60","B":"11.584","a":"110859.70","A":"0.058","T":1757096856544,"E":1757096856544}
{"e":"bookTicker","u":8522541570835,"s":"BTCUSDT","b":"110859.60","B":"11.702","a":"110859.70","A":"0.058","T":1757096856544,"E":1757096856544}
{"e":"bookTicker","u":8522541570836,"s":"BTCUSDT","b":"110859.60","B":"11.820","a":"110859.70","A":"0.058","T":1757096856544,"E":1757096856544}
{"e":"bookTicker","u":8522541571034,"s":"BTCUSDT","b":"110859.60","B":"11.076","a":"110859.70","A":"0.058","T":1757096856544,"E":1757096856545}
{"e":"bookTicker","u":8522541571055,"s":"BTCUSDT","b":"110859.60","B":"10.781","a":"110859.70","A":"0.058","T":1757096856544,"E":1757096856545}
{"e":"bookTicker","u":8522541571060,"s":"BTCUSDT","b":"110859.60","B":"11.084","a":"110859.70","A":"0.058","T":1757096856544,"E":1757096856545}
{"e":"bookTicker","u":8522541571085,"s":"BTCUSDT","b":"110859.60","B":"11.002","a":"110859.70","A":"0.058","T":1757096856544,"E":1757096856545}
{"e":"bookTicker","u":8522541571089,"s":"BTCUSDT","b":"110859.60","B":"11.089","a":"110859.70","A":"0.058","T":1757096856544,"E":1757096856545}
{"e":"bookTicker","u":8522541571138,"s":"BTCUSDT","b":"110859.60","B":"11.053","a":"110859.70","A":"0.058","T":1757096856544,"E":1757096856545}
{"e":"bookTicker","u":8522541571141,"s":"BTCUSDT","b":"110859.60","B":"11.092","a":"110859.70","A":"0.058","T":1757096856544,"E":1757096856545}
{"e":"bookTicker","u":8522541571155,"s":"BTCUSDT","b":"110859.60","B":"11.810","a":"110859.70","A":"0.058","T":1757096856545,"E":1757096856545}
{"e":"bookTicker","u":8522541571701,"s":"BTCUSDT","b":"110859.60","B":"11.910","a":"110859.70","A":"0.058","T":1757096856546,"E":1757096856546}
{"e":"bookTicker","u":8522541571849,"s":"BTCUSDT","b":"110859.60","B":"13.087","a":"110859.70","A":"0.058","T":1757096856546,"E":1757096856546}
{"e":"bookTicker","u":8522541571982,"s":"BTCUSDT","b":"110859.60","B":"13.205","a":"110859.70","A":"0.058","T":1757096856546,"E":1757096856547}
{"e":"bookTicker","u":8522541571990,"s":"BTCUSDT","b":"110859.60","B":"13.323","a":"110859.70","A":"0.058","T":1757096856547,"E":1757096856547}
{"e":"bookTicker","u":8522541572009,"s":"BTCUSDT","b":"110859.60","B":"13.495","a":"110859.70","A":"0.058","T":1757096856547,"E":1757096856547}
{"e":"bookTicker","u":8522541572623,"s":"BTCUSDT","b":"110859.60","B":"13.496","a":"110859.70","A":"0.058","T":1757096856548,"E":1757096856548}
{"e":"bookTicker","u":8522541573243,"s":"BTCUSDT","b":"110859.60","B":"13.496","a":"110859.70","A":"0.013","T":1757096856550,"E":1757096856550}
{"e":"bookTicker","u":8522541573382,"s":"BTCUSDT","b":"110859.90","B":"1.612","a":"110860.00","A":"0.011","T":1757096856550,"E":1757096856550}
{"e":"bookTicker","u":8522541573484,"s":"BTCUSDT","b":"110859.90","B":"2.572","a":"110860.00","A":"0.011","T":1757096856550,"E":1757096856550}
{"e":"bookTicker","u":8522541573767,"s":"BTCUSDT","b":"110859.90","B":"2.672","a":"110860.00","A":"0.011","T":1757096856551,"E":1757096856551}
{"e":"bookTicker","u":8522541573771,"s":"BTCUSDT","b":"110859.90","B":"2.688","a":"110860.00","A":"0.011","T":1757096856551,"E":1757096856551}
{"e":"bookTicker","u":8522541573779,"s":"BTCUSDT","b":"110859.90","B":"2.704","a":"110860.00","A":"0.011","T":1757096856551,"E":1757096856551}
{"e":"bookTicker","u":8522541573781,"s":"BTCUSDT","b":"110859.90","B":"3.324","a":"110860.00","A":"0.011","T":1757096856551,"E":1757096856551}
{"e":"bookTicker","u":8522541573802,"s":"BTCUSDT","b":"110859.90","B":"3.424","a":"110860.00","A":"0.011","T":1757096856551,"E":1757096856551}
{"e":"bookTicker","u":8522541573804,"s":"BTCUSDT","b":"110859.90","B":"3.524","a":"110860.00","A":"0.011","T":1757096856551,"E":1757096856551}
{"e":"bookTicker","u":8522541573805,"s":"BTCUSDT","b":"110859.90","B":"3.624","a":"110860.00","A":"0.011","T":1757096856551,"E":1757096856551}
{"e":"bookTicker","u":8522541573930,"s":"BTCUSDT","b":"110859.90","B":"4.244","a":"110860.00","A":"0.011","T":1757096856551,"E":1757096856551}
{"e":"bookTicker","u":8522541573942,"s":"BTCUSDT","b":"110859.90","B":"4.864","a":"110860.00","A":"0.011","T":1757096856551,"E":1757096856551}
{"e":"bookTicker","u":8522541573946,"s":"BTCUSDT","b":"110859.90","B":"5.484","a":"110860.00","A":"0.011","T":1757096856551,"E":1757096856551}
{"e":"bookTicker","u":8522541574335,"s":"BTCUSDT","b":"110859.90","B":"5.485","a":"110860.00","A":"0.011","T":1757096856552,"E":1757096856552}
{"e":"bookTicker","u":8522541576016,"s":"BTCUSDT","b":"110859.90","B":"6.176","a":"110860.00","A":"0.011","T":1757096856556,"E":1757096856556}
{"e":"bookTicker","u":8522541577063,"s":"BTCUSDT","b":"110859.90","B":"7.353","a":"110860.00","A":"0.011","T":1757096856559,"E":1757096856559}
{"e":"bookTicker","u":8522541577121,"s":"BTCUSDT","b":"110859.90","B":"7.396","a":"110860.00","A":"0.011","T":1757096856559,"E":1757096856559}
{"e":"bookTicker","u":8522541577252,"s":"BTCUSDT","b":"110859.90","B":"7.746","a":"110860.00","A":"0.011","T":1757096856559,"E":1757096856560}
{"e":"bookTicker","u":8522541577304,"s":"BTCUSDT","b":"110859.90","B":"7.747","a":"110860.00","A":"0.011","T":1757096856559,"E":1757096856560}
{"e":"bookTicker","u":8522541577402,"s":"BTCUSDT","b":"110859.90","B":"7.747","a":"110860.00","A":"0.012","T":1757096856560,"E":1757096856560}
{"e":"bookTicker","u":8522541577403,"s":"BTCUSDT","b":"110859.90","B":"7.748","a":"110860.00","A":"0.012","T":1757096856560,"E":1757096856560}
{"e":"bookTicker","u":8522541577454,"s":"BTCUSDT","b":"110859.90","B":"8.360","a":"110860.00","A":"0.012","T":1757096856560,"E":1757096856560}
{"e":"bookTicker","u":8522541578426,"s":"BTCUSDT","b":"110859.90","B":"8.990","a":"110860.00","A":"0.012","T":1757096856562,"E":1757096856562}
{"e":"bookTicker","u":8522541578629,"s":"BTCUSDT","b":"110859.90","B":"8.991","a":"110860.00","A":"0.012","T":1757096856562,"E":1757096856563}
{"e":"bookTicker","u":8522541578966,"s":"BTCUSDT","b":"110859.90","B":"10.885","a":"110860.00","A":"0.012","T":1757096856563,"E":1757096856564}
{"e":"bookTicker","u":8522541579667,"s":"BTCUSDT","b":"110859.90","B":"11.505","a":"110860.00","A":"0.012","T":1757096856565,"E":1757096856565}
{"e":"bookTicker","u":8522541580655,"s":"BTCUSDT","b":"110859.90","B":"13.398","a":"110860.00","A":"0.012","T":1757096856568,"E":1757096856568}
{"e":"bookTicker","u":8522541581059,"s":"BTCUSDT","b":"110859.90","B":"13.498","a":"110860.00","A":"0.012","T":1757096856568,"E":1757096856569}
{"e":"bookTicker","u":8522541581157,"s":"BTCUSDT","b":"110859.90","B":"13.598","a":"110860.00","A":"0.012","T":1757096856569,"E":1757096856569}
{"e":"bookTicker","u":8522541581181,"s":"BTCUSDT","b":"110859.90","B":"13.698","a":"110860.00","A":"0.012","T":1757096856569,"E":1757096856569}
{"e":"bookTicker","u":8522541581185,"s":"BTCUSDT","b":"110859.90","B":"13.798","a":"110860.00","A":"0.012","T":1757096856569,"E":1757096856569}
{"e":"bookTicker","u":8522541581203,"s":"BTCUSDT","b":"110859.90","B":"13.898","a":"110860.00","A":"0.012","T":1757096856569,"E":1757096856569}
{"e":"bookTicker","u":8522541581217,"s":"BTCUSDT","b":"110859.90","B":"13.998","a":"110860.00","A":"0.012","T":1757096856569,"E":1757096856569}
{"e":"bookTicker","u":8522541581361,"s":"BTCUSDT","b":"110859.90","B":"14.098","a":"110860.00","A":"0.012","T":1757096856569,"E":1757096856569}
{"e":"bookTicker","u":8522541581382,"s":"BTCUSDT","b":"110859.90","B":"14.297","a":"110860.00","A":"0.012","T":1757096856569,"E":1757096856570}
{"e":"bookTicker","u":8522541581440,"s":"BTCUSDT","b":"110859.90","B":"15.058","a":"110860.00","A":"0.012","T":1757096856569,"E":1757096856570}
{"e":"bookTicker","u":8522541581472,"s":"BTCUSDT","b":"110859.90","B":"15.098","a":"110860.00","A":"0.012","T":1757096856569,"E":1757096856570}
{"e":"bookTicker","u":8522541581504,"s":"BTCUSDT","b":"110859.90","B":"15.443","a":"110860.00","A":"0.012","T":1757096856570,"E":1757096856570}
{"e":"bookTicker","u":8522541581588,"s":"BTCUSDT","b":"110859.90","B":"15.539","a":"110860.00","A":"0.012","T":1757096856570,"E":1757096856570}
{"e":"bookTicker","u":8522541581622,"s":"BTCUSDT","b":"110859.90","B":"14.778","a":"110860.00","A":"0.012","T":1757096856570,"E":1757096856570}
{"e":"bookTicker","u":8522541581634,"s":"BTCUSDT","b":"110859.90","B":"14.738","a":"110860.00","A":"0.012","T":1757096856570,"E":1757096856570}
{"e":"bookTicker","u":8522541581668,"s":"BTCUSDT","b":"110859.90","B":"14.642","a":"110860.00","A":"0.012","T":1757096856570,"E":1757096856570}
{"e":"bookTicker","u":8522541581670,"s":"BTCUSDT","b":"110859.90","B":"14.297","a":"110860.00","A":"0.012","T":1757096856570,"E":1757096856570}
{"e":"bookTicker","u":8522541581732,"s":"BTCUSDT","b":"110859.90","B":"14.392","a":"110860.00","A":"0.012","T":1757096856570,"E":1757096856570}
{"e":"bookTicker","u":8522541581825,"s":"BTCUSDT","b":"110859.90","B":"14.715","a":"110860.00","A":"0.012","T":1757096856570,"E":1757096856571}
{"e":"bookTicker","u":8522541581827,"s":"BTCUSDT","b":"110859.90","B":"14.758","a":"110860.00","A":"0.012","T":1757096856570,"E":1757096856571}
{"e":"bookTicker","u":8522541581847,"s":"BTCUSDT","b":"110859.90","B":"15.422","a":"110860.00","A":"0.012","T":1757096856570,"E":1757096856571}
{"e":"bookTicker","u":8522541581966,"s":"BTCUSDT","b":"110859.90","B":"16.132","a":"110860.00","A":"0.012","T":1757096856571,"E":1757096856571}
{"e":"bookTicker","u":8522541582014,"s":"BTCUSDT","b":"110859.90","B":"16.155","a":"110860.00","A":"0.012","T":1757096856571,"E":1757096856571}
{"e":"bookTicker","u":8522541582160,"s":"BTCUSDT","b":"110859.90","B":"18.048","a":"110860.00","A":"0.012","T":1757096856571,"E":1757096856571}
{"e":"bookTicker","u":8522541582524,"s":"BTCUSDT","b":"110859.90","B":"18.049","a":"110860.00","A":"0.012","T":1757096856572,"E":1757096856572}
{"e":"bookTicker","u":8522541582669,"s":"BTCUSDT","b":"110859.90","B":"18.149","a":"110860.00","A":"0.012","T":1757096856572,"E":1757096856573}
{"e":"bookTicker","u":8522541582715,"s":"BTCUSDT","b":"110859.90","B":"18.163","a":"110860.00","A":"0.012","T":1757096856573,"E":1757096856573}
{"e":"bookTicker","u":8522541582746,"s":"BTCUSDT","b":"110859.90","B":"18.263","a":"110860.00","A":"0.012","T":1757096856573,"E":1757096856573}
{"e":"bookTicker","u":8522541582826,"s":"BTCUSDT","b":"110859.90","B":"18.524","a":"110860.00","A":"0.012","T":1757096856573,"E":1757096856573}
{"e":"bookTicker","u":8522541583183,"s":"BTCUSDT","b":"110859.90","B":"18.526","a":"110860.00","A":"0.012","T":1757096856574,"E":1757096856574}
{"e":"bookTicker","u":8522541583194,"s":"BTCUSDT","b":"110859.90","B":"18.426","a":"110860.00","A":"0.012","T":1757096856574,"E":1757096856574}
{"e":"bookTicker","u":8522541583280,"s":"BTCUSDT","b":"110859.90","B":"18.463","a":"110860.00","A":"0.012","T":1757096856574,"E":1757096856574}
{"e":"bookTicker","u":8522541583685,"s":"BTCUSDT","b":"110859.90","B":"18.500","a":"110860.00","A":"0.012","T":1757096856575,"E":1757096856575}
{"e":"bookTicker","u":8522541584367,"s":"BTCUSDT","b":"110859.90","B":"18.556","a":"110860.00","A":"0.012","T":1757096856577,"E":1757096856577}
{"e":"bookTicker","u":8522541584485,"s":"BTCUSDT","b":"110859.90","B":"18.853","a":"110860.00","A":"0.012","T":1757096856577,"E":1757096856577}
{"e":"bookTicker","u":8522541584774,"s":"BTCUSDT","b":"110859.90","B":"18.854","a":"110860.00","A":"0.012","T":1757096856577,"E":1757096856578}
{"e":"bookTicker","u":8522541585059,"s":"BTCUSDT","b":"110859.90","B":"20.746","a":"110860.00","A":"0.012","T":1757096856578,"E":1757096856578}
{"e":"bookTicker","u":8522541585175,"s":"BTCUSDT","b":"110859.90","B":"20.846","a":"110860.00","A":"0.012","T":1757096856578,"E":1757096856579}
{"e":"bookTicker","u":8522541585430,"s":"BTCUSDT","b":"110859.90","B":"20.851","a":"110860.00","A":"0.012","T":1757096856579,"E":1757096856579}
{"e":"bookTicker","u":8522541585533,"s":"BTCUSDT","b":"110859.90","B":"20.751","a":"110860.00","A":"0.012","T":1757096856579,"E":1757096856580}
{"e":"bookTicker","u":8522541585590,"s":"BTCUSDT","b":"110859.90","B":"22.642","a":"110860.00","A":"0.012","T":1757096856579,"E":1757096856580}
{"e":"bookTicker","u":8522541586016,"s":"BTCUSDT","b":"110859.90","B":"22.772","a":"110860.00","A":"0.012","T":1757096856580,"E":1757096856581}
{"e":"bookTicker","u":8522541586028,"s":"BTCUSDT","b":"110859.90","B":"22.830","a":"110860.00","A":"0.012","T":1757096856580,"E":1757096856581}
{"e":"bookTicker","u":8522541586809,"s":"BTCUSDT","b":"110859.90","B":"22.837","a":"110860.00","A":"0.012","T":1757096856582,"E":1757096856583}
{"e":"bookTicker","u":8522541586986,"s":"BTCUSDT","b":"110859.90","B":"23.134","a":"110860.00","A":"0.012","T":1757096856583,"E":1757096856583}
{"e":"bookTicker","u":8522541586991,"s":"BTCUSDT","b":"110859.90","B":"25.025","a":"110860.00","A":"0.012","T":1757096856583,"E":1757096856583}
{"e":"bookTicker","u":8522541587194,"s":"BTCUSDT","b":"110859.90","B":"25.046","a":"110860.00","A":"0.012","T":1757096856583,"E":1757096856584}
{"e":"bookTicker","u":8522541587212,"s":"BTCUSDT","b":"110859.90","B":"25.067","a":"110860.00","A":"0.012","T":1757096856583,"E":1757096856584}
{"e":"bookTicker","u":8522541587353,"s":"BTCUSDT","b":"110859.90","B":"24.717","a":"110860.00","A":"0.012","T":1757096856584,"E":1757096856584}
{"e":"bookTicker","u":8522541587382,"s":"BTCUSDT","b":"110859.90","B":"24.743","a":"110860.00","A":"0.012","T":1757096856584,"E":1757096856584}
{"e":"bookTicker","u":8522541587388,"s":"BTCUSDT","b":"110859.90","B":"25.230","a":"110860.00","A":"0.012","T":1757096856584,"E":1757096856584}
{"e":"bookTicker","u":8522541587479,"s":"BTCUSDT","b":"110859.90","B":"25.243","a":"110860.00","A":"0.012","T":1757096856584,"E":1757096856584}
{"e":"bookTicker","u":8522541587500,"s":"BTCUSDT","b":"110859.90","B":"25.333","a":"110860.00","A":"0.012","T":1757096856584,"E":1757096856584}
{"e":"bookTicker","u":8522541587520,"s":"BTCUSDT","b":"110859.90","B":"26.565","a":"110860.00","A":"0.012","T":1757096856584,"E":1757096856584}
{"e":"bookTicker","u":8522541587563,"s":"BTCUSDT","b":"110859.90","B":"26.593","a":"110860.00","A":"0.012","T":1757096856584,"E":1757096856584}
{"e":"bookTicker","u":8522541587966,"s":"BTCUSDT","b":"110859.90","B":"26.952","a":"110860.00","A":"0.012","T":1757096856585,"E":1757096856585}
{"e":"bookTicker","u":8522541587968,"s":"BTCUSDT","b":"110859.90","B":"27.311","a":"110860.00","A":"0.012","T":1757096856585,"E":1757096856585}
{"e":"bookTicker","u":8522541588003,"s":"BTCUSDT","b":"110859.90","B":"27.670","a":"110860.00","A":"0.012","T":1757096856585,"E":1757096856586}
{"e":"bookTicker","u":8522541588004,"s":"BTCUSDT","b":"110859.90","B":"28.029","a":"110860.00","A":"0.012","T":1757096856585,"E":1757096856586}
{"e":"bookTicker","u":8522541588055,"s":"BTCUSDT","b":"110859.90","B":"28.388","a":"110860.00","A":"0.012","T":1757096856585,"E":1757096856586}
{"e":"bookTicker","u":8522541588059,"s":"BTCUSDT","b":"110859.90","B":"28.747","a":"110860.00","A":"0.012","T":1757096856585,"E":1757096856586}
{"e":"bookTicker","u":8522541588061,"s":"BTCUSDT","b":"110859.90","B":"29.106","a":"110860.00","A":"0.012","T":1757096856585,"E":1757096856586}
{"e":"bookTicker","u":8522541588063,"s":"BTCUSDT","b":"110859.90","B":"29.465","a":"110860.00","A":"0.012","T":1757096856585,"E":1757096856586}
{"e":"bookTicker","u":8522541588109,"s":"BTCUSDT","b":"110859.90","B":"29.824","a":"110860.00","A":"0.012","T":1757096856585,"E":1757096856586}
{"e":"bookTicker","u":8522541588117,"s":"BTCUSDT","b":"110859.90","B":"30.183","a":"110860.00","A":"0.012","T":1757096856585,"E":1757096856586}
{"e":"bookTicker","u":8522541588769,"s":"BTCUSDT","b":"110859.90","B":"32.073","a":"110860.00","A":"0.012","T":1757096856587,"E":1757096856587}
{"e":"bookTicker","u":8522541589355,"s":"BTCUSDT","b":"110859.90","B":"32.191","a":"110860.00","A":"0.012","T":1757096856588,"E":1757096856589}
{"e":"bookTicker","u":8522541589374,"s":"BTCUSDT","b":"110859.90","B":"32.309","a":"110860.00","A":"0.012","T":1757096856589,"E":1757096856589}
{"e":"bookTicker","u":8522541589380,"s":"BTCUSDT","b":"110859.90","B":"32.427","a":"110860.00","A":"0.012","T":1757096856589,"E":1757096856589}
{"e":"bookTicker","u":8522541589406,"s":"BTCUSDT","b":"110859.90","B":"32.545","a":"110860.00","A":"0.012","T":1757096856589,"E":1757096856589}
{"e":"bookTicker","u":8522541589414,"s":"BTCUSDT","b":"110859.90","B":"32.663","a":"110860.00","A":"0.012","T":1757096856589,"E":1757096856589}
{"e":"bookTicker","u":8522541589419,"s":"BTCUSDT","b":"110859.90","B":"32.781","a":"110860.00","A":"0.012","T":1757096856589,"E":1757096856589}
{"e":"bookTicker","u":8522541589439,"s":"BTCUSDT","b":"110859.90","B":"32.899","a":"110860.00","A":"0.012","T":1757096856589,"E":1757096856589}
{"e":"bookTicker","u":8522541589441,"s":"BTCUSDT","b":"110859.90","B":"33.017","a":"110860.00","A":"0.012","T":1757096856589,"E":1757096856589}
{"e":"bookTicker","u":8522541589473,"s":"BTCUSDT","b":"110859.90","B":"33.135","a":"110860.00","A":"0.012","T":1757096856589,"E":1757096856589}
{"e":"bookTicker","u":8522541589481,"s":"BTCUSDT","b":"110859.90","B":"33.666","a":"110860.00","A":"0.012","T":1757096856589,"E":1757096856589}
{"e":"bookTicker","u":8522541589491,"s":"BTCUSDT","b":"110859.90","B":"33.784","a":"110860.00","A":"0.012","T":1757096856589,"E":1757096856589}
{"e":"bookTicker","u":8522541590017,"s":"BTCUSDT","b":"110859.90","B":"35.717","a":"110860.00","A":"0.012","T":1757096856590,"E":1757096856590}
{"e":"bookTicker","u":8522541590053,"s":"BTCUSDT","b":"110859.90","B":"35.923","a":"110860.00","A":"0.012","T":1757096856590,"E":1757096856590}
{"e":"bookTicker","u":8522541590054,"s":"BTCUSDT","b":"110859.90","B":"35.925","a":"110860.00","A":"0.012","T":1757096856590,"E":1757096856590}
{"e":"bookTicker","u":8522541590060,"s":"BTCUSDT","b":"110859.90","B":"35.261","a":"110860.00","A":"0.012","T":1757096856590,"E":1757096856590}
{"e":"bookTicker","u":8522541590163,"s":"BTCUSDT","b":"110859.90","B":"35.433","a":"110860.00","A":"0.012","T":1757096856590,"E":1757096856591}
{"e":"bookTicker","u":8522541590176,"s":"BTCUSDT","b":"110859.90","B":"33.540","a":"110860.00","A":"0.012","T":1757096856590,"E":1757096856591}
{"e":"bookTicker","u":8522541590187,"s":"BTCUSDT","b":"110859.90","B":"31.648","a":"110860.00","A":"0.012","T":1757096856590,"E":1757096856591}
{"e":"bookTicker","u":8522541590205,"s":"BTCUSDT","b":"110859.90","B":"31.605","a":"110860.00","A":"0.012","T":1757096856590,"E":1757096856591}
{"e":"bookTicker","u":8522541590249,"s":"BTCUSDT","b":"110859.90","B":"31.282","a":"110860.00","A":"0.012","T":1757096856591,"E":1757096856591}
{"e":"bookTicker","u":8522541590250,"s":"BTCUSDT","b":"110859.90","B":"31.187","a":"110860.00","A":"0.012","T":1757096856591,"E":1757096856591}
{"e":"bookTicker","u":8522541590252,"s":"BTCUSDT","b":"110859.90","B":"31.187","a":"110860.00","A":"0.013","T":1757096856591,"E":1757096856591}
{"e":"bookTicker","u":8522541590253,"s":"BTCUSDT","b":"110859.90","B":"31.281","a":"110860.00","A":"0.013","T":1757096856591,"E":1757096856591}
{"e":"bookTicker","u":8522541590254,"s":"BTCUSDT","b":"110859.90","B":"31.319","a":"110860.00","A":"0.013","T":1757096856591,"E":1757096856591}
{"e":"bookTicker","u":8522541590280,"s":"BTCUSDT","b":"110859.90","B":"31.320","a":"110860.00","A":"0.013","T":1757096856591,"E":1757096856591}
{"e":"bookTicker","u":8522541590282,"s":"BTCUSDT","b":"110859.90","B":"32.038","a":"110860.00","A":"0.013","T":1757096856591,"E":1757096856591}
{"e":"bookTicker","u":8522541590285,"s":"BTCUSDT","b":"110859.90","B":"30.144","a":"110860.00","A":"0.013","T":1757096856591,"E":1757096856591}
{"e":"bookTicker","u":8522541590292,"s":"BTCUSDT","b":"110859.90","B":"29.514","a":"110860.00","A":"0.013","T":1757096856591,"E":1757096856591}
{"e":"bookTicker","u":8522541590340,"s":"BTCUSDT","b":"110859.90","B":"29.609","a":"110860.00","A":"0.013","T":1757096856591,"E":1757096856591}
{"e":"bookTicker","u":8522541590345,"s":"BTCUSDT","b":"110859.90","B":"31.223","a":"110860.00","A":"0.013","T":1757096856591,"E":1757096856591}
{"e":"bookTicker","u":8522541590369,"s":"BTCUSDT","b":"110859.90","B":"29.332","a":"110860.00","A":"0.013","T":1757096856591,"E":1757096856591}
{"e":"bookTicker","u":8522541590372,"s":"BTCUSDT","b":"110859.90","B":"31.222","a":"110860.00","A":"0.013","T":1757096856591,"E":1757096856591}
{"e":"bookTicker","u":8522541590373,"s":"BTCUSDT","b":"110859.90","B":"29.329","a":"110860.00","A":"0.013","T":1757096856591,"E":1757096856591}
{"e":"bookTicker","u":8522541590375,"s":"BTCUSDT","b":"110859.90","B":"31.219","a":"110860.00","A":"0.013","T":1757096856591,"E":1757096856591}
{"e":"bookTicker","u":8522541590383,"s":"BTCUSDT","b":"110859.90","B":"29.328","a":"110860.00","A":"0.013","T":1757096856591,"E":1757096856591}
{"e":"bookTicker","u":8522541590388,"s":"BTCUSDT","b":"110859.90","B":"29.327","a":"110860.00","A":"0.013","T":1757096856591,"E":1757096856591}
{"e":"bookTicker","u":8522541590396,"s":"BTCUSDT","b":"110859.90","B":"27.437","a":"110860.00","A":"0.013","T":1757096856591,"E":1757096856591}
{"e":"bookTicker","u":8522541590406,"s":"BTCUSDT","b":"110859.90","B":"27.438","a":"110860.00","A":"0.013","T":1757096856591,"E":1757096856591}
{"e":"bookTicker","u":8522541590416,"s":"BTCUSDT","b":"110859.90","B":"27.439","a":"110860.00","A":"0.013","T":1757096856591,"E":1757096856591}
{"e":"bookTicker","u":8522541590438,"s":"BTCUSDT","b":"110859.90","B":"27.447","a":"110860.00","A":"0.013","T":1757096856591,"E":1757096856591}
{"e":"bookTicker","u":8522541590440,"s":"BTCUSDT","b":"110859.90","B":"27.979","a":"110860.00","A":"0.013","T":1757096856591,"E":1757096856591}
{"e":"bookTicker","u":8522541590475,"s":"BTCUSDT","b":"110859.90","B":"28.052","a":"110860.00","A":"0.013","T":1757096856591,"E":1757096856591}
{"e":"bookTicker","u":8522541590496,"s":"BTCUSDT","b":"110859.90","B":"28.302","a":"110860.00","A":"0.013","T":1757096856591,"E":1757096856591}
{"e":"bookTicker","u":8522541590501,"s":"BTCUSDT","b":"110859.90","B":"28.882","a":"110860.00","A":"0.013","T":1757096856591,"E":1757096856591}
{"e":"bookTicker","u":8522541590537,"s":"BTCUSDT","b":"110859.90","B":"26.992","a":"110860.00","A":"0.013","T":1757096856591,"E":1757096856591}
{"e":"bookTicker","u":8522541590583,"s":"BTCUSDT","b":"110859.90","B":"27.128","a":"110860.00","A":"0.013","T":1757096856591,"E":1757096856592}
{"e":"bookTicker","u":8522541590694,"s":"BTCUSDT","b":"110859.90","B":"27.028","a":"110860.00","A":"0.013","T":1757096856591,"E":1757096856592}
{"e":"bookTicker","u":8522541590701,"s":"BTCUSDT","b":"110859.90","B":"27.439","a":"110860.00","A":"0.013","T":1757096856591,"E":1757096856592}
{"e":"bookTicker","u":8522541590716,"s":"BTCUSDT","b":"110859.90","B":"27.512","a":"110860.00","A":"0.013","T":1757096856592,"E":1757096856592}
{"e":"bookTicker","u":8522541590728,"s":"BTCUSDT","b":"110859.90","B":"27.496","a":"110860.00","A":"0.013","T":1757096856592,"E":1757096856592}
{"e":"bookTicker","u":8522541590730,"s":"BTCUSDT","b":"110859.90","B":"27.498","a":"110860.00","A":"0.013","T":1757096856592,"E":1757096856592}
{"e":"bookTicker","u":8522541590777,"s":"BTCUSDT","b":"110859.90","B":"27.574","a":"110860.00","A":"0.013","T":1757096856592,"E":1757096856592}
{"e":"bookTicker","u":8522541590789,"s":"BTCUSDT","b":"110859.90","B":"27.922","a":"110860.00","A":"0.013","T":1757096856592,"E":1757096856592}
{"e":"bookTicker","u":8522541590792,"s":"BTCUSDT","b":"110859.90","B":"28.282","a":"110860.00","A":"0.013","T":1757096856592,"E":1757096856592}
{"e":"bookTicker","u":8522541590804,"s":"BTCUSDT","b":"110859.90","B":"28.632","a":"110860.00","A":"0.013","T":1757096856592,"E":1757096856592}
{"e":"bookTicker","u":8522541590805,"s":"BTCUSDT","b":"110859.90","B":"28.532","a":"110860.00","A":"0.013","T":1757096856592,"E":1757096856592}
{"e":"bookTicker","u":8522541590806,"s":"BTCUSDT","b":"110859.90","B":"28.773","a":"110860.00","A":"0.013","T":1757096856592,"E":1757096856592}
{"e":"bookTicker","u":8522541590902,"s":"BTCUSDT","b":"110859.90","B":"28.242","a":"110860.00","A":"0.013","T":1757096856592,"E":1757096856592}
{"e":"bookTicker","u":8522541590968,"s":"BTCUSDT","b":"110859.90","B":"28.249","a":"110860.00","A":"0.013","T":1757096856592,"E":1757096856592}
{"e":"bookTicker","u":8522541590981,"s":"BTCUSDT","b":"110859.90","B":"28.253","a":"110860.00","A":"0.013","T":1757096856592,"E":1757096856592}
{"e":"bookTicker","u":8522541591087,"s":"BTCUSDT","b":"110859.90","B":"28.256","a":"110860.00","A":"0.013","T":1757096856592,"E":1757096856593}
{"e":"bookTicker","u":8522541591102,"s":"BTCUSDT","b":"110859.90","B":"28.255","a":"110860.00","A":"0.013","T":1757096856592,"E":1757096856593}
{"e":"bookTicker","u":8522541591116,"s":"BTCUSDT","b":"110859.90","B":"27.635","a":"110860.00","A":"0.013","T":1757096856592,"E":1757096856593}
{"e":"bookTicker","u":8522541591122,"s":"BTCUSDT","b":"110859.90","B":"27.015","a":"110860.00","A":"0.013","T":1757096856592,"E":1757096856593}
{"e":"bookTicker","u":8522541591147,"s":"BTCUSDT","b":"110859.90","B":"27.021","a":"110860.00","A":"0.013","T":1757096856592,"E":1757096856593}
{"e":"bookTicker","u":8522541591207,"s":"BTCUSDT","b":"110859.90","B":"26.401","a":"110860.00","A":"0.013","T":1757096856593,"E":1757096856593}
{"e":"bookTicker","u":8522541591241,"s":"BTCUSDT","b":"110859.90","B":"26.402","a":"110860.00","A":"0.013","T":1757096856593,"E":1757096856593}
{"e":"bookTicker","u":8522541591507,"s":"BTCUSDT","b":"110859.90","B":"26.406","a":"110860.00","A":"0.013","T":1757096856593,"E":1757096856594}
{"e":"bookTicker","u":8522541592453,"s":"BTCUSDT","b":"110859.90","B":"26.406","a":"110860.00","A":"0.014","T":1757096856596,"E":1757096856596}
{"e":"bookTicker","u":8522541592539,"s":"BTCUSDT","b":"110859.90","B":"26.400","a":"110860.00","A":"0.014","T":1757096856596,"E":1757096856596}
{"e":"bookTicker","u":8522541592540,"s":"BTCUSDT","b":"110859.90","B":"26.406","a":"110860.00","A":"0.014","T":1757096856596,"E":1757096856596}
{"e":"bookTicker","u":8522541592593,"s":"BTCUSDT","b":"110859.90","B":"26.407","a":"110860.00","A":"0.014","T":1757096856596,"E":1757096856596}
{"e":"bookTicker","u":8522541592774,"s":"BTCUSDT","b":"110865.50","B":"1.222","a":"110865.60","A":"0.002","T":1757096856596,"E":1757096856597}
{"e":"bookTicker","u":8522541593251,"s":"BTCUSDT","b":"110865.50","B":"1.223","a":"110865.60","A":"0.002","T":1757096856597,"E":1757096856598}
{"e":"bookTicker","u":8522541593882,"s":"BTCUSDT","b":"110865.50","B":"1.904","a":"110865.60","A":"0.002","T":1757096856599,"E":1757096856599}
{"e":"bookTicker","u":8522541594401,"s":"BTCUSDT","b":"110865.50","B":"2.524","a":"110865.60","A":"0.002","T":1757096856600,"E":1757096856601}
{"e":"bookTicker","u":8522541595146,"s":"BTCUSDT","b":"110865.50","B":"2.624","a":"110865.60","A":"0.002","T":1757096856602,"E":1757096856603}
{"e":"bookTicker","u":8522541595152,"s":"BTCUSDT","b":"110865.50","B":"2.724","a":"110865.60","A":"0.002","T":1757096856602,"E":1757096856603}
{"e":"bookTicker","u":8522541595209,"s":"BTCUSDT","b":"110865.50","B":"2.824","a":"110865.60","A":"0.002","T":1757096856602,"E":1757096856603}
{"e":"bookTicker","u":8522541595278,"s":"BTCUSDT","b":"110865.50","B":"2.924","a":"110865.60","A":"0.002","T":1757096856603,"E":1757096856603}
{"e":"bookTicker","u":8522541595279,"s":"BTCUSDT","b":"110865.50","B":"3.024","a":"110865.60","A":"0.002","T":1757096856603,"E":1757096856603}
{"e":"bookTicker","u":8522541595293,"s":"BTCUSDT","b":"110865.50","B":"3.124","a":"110865.60","A":"0.002","T":1757096856603,"E":1757096856603}
{"e":"bookTicker","u":8522541595379,"s":"BTCUSDT","b":"110865.50","B":"3.224","a":"110865.60","A":"0.002","T":1757096856603,"E":1757096856603}
{"e":"bookTicker","u":8522541595940,"s":"BTCUSDT","b":"110865.50","B":"3.324","a":"110865.60","A":"0.002","T":1757096856604,"E":1757096856605}
{"e":"bookTicker","u":8522541598254,"s":"BTCUSDT","b":"110865.50","B":"3.325","a":"110865.60","A":"0.002","T":1757096856610,"E":1757096856610}
{"e":"bookTicker","u":8522541600616,"s":"BTCUSDT","b":"110865.50","B":"3.425","a":"110865.60","A":"0.002","T":1757096856616,"E":1757096856616}
{"e":"bookTicker","u":8522541601108,"s":"BTCUSDT","b":"110865.50","B":"3.525","a":"110865.60","A":"0.002","T":1757096856617,"E":1757096856617}
{"e":"bookTicker","u":8522541601308,"s":"BTCUSDT","b":"110865.50","B":"4.397","a":"110865.60","A":"0.002","T":1757096856618,"E":1757096856618}
{"e":"bookTicker","u":8522541601703,"s":"BTCUSDT","b":"110865.50","B":"5.269","a":"110865.60","A":"0.002","T":1757096856619,"E":1757096856619}
{"e":"bookTicker","u":8522541602344,"s":"BTCUSDT","b":"110865.50","B":"5.169","a":"110865.60","A":"0.002","T":1757096856620,"E":1757096856620}
{"e":"bookTicker","u":8522541602371,"s":"BTCUSDT","b":"110865.50","B":"5.069","a":"110865.60","A":"0.002","T":1757096856620,"E":1757096856620}
{"e":"bookTicker","u":8522541602392,"s":"BTCUSDT","b":"110865.50","B":"4.969","a":"110865.60","A":"0.002","T":1757096856620,"E":1757096856620}
{"e":"bookTicker","u":8522541602407,"s":"BTCUSDT","b":"110865.50","B":"4.869","a":"110865.60","A":"0.002","T":1757096856620,"E":1757096856621}
{"e":"bookTicker","u":8522541602467,"s":"BTCUSDT","b":"110865.50","B":"4.769","a":"110865.60","A":"0.002","T":1757096856620,"E":1757096856621}
{"e":"bookTicker","u":8522541602486,"s":"BTCUSDT","b":"110865.50","B":"5.301","a":"110865.60","A":"0.002","T":1757096856620,"E":1757096856621}
{"e":"bookTicker","u":8522541602562,"s":"BTCUSDT","b":"110865.50","B":"5.201","a":"110865.60","A":"0.002","T":1757096856621,"E":1757096856621}
{"e":"bookTicker","u":8522541602600,"s":"BTCUSDT","b":"110865.50","B":"5.101","a":"110865.60","A":"0.002","T":1757096856621,"E":1757096856621}
{"e":"bookTicker","u":8522541602611,"s":"BTCUSDT","b":"110865.50","B":"5.001","a":"110865.60","A":"0.002","T":1757096856621,"E":1757096856621}
{"e":"bookTicker","u":8522541602617,"s":"BTCUSDT","b":"110865.50","B":"4.901","a":"110865.60","A":"0.002","T":1757096856621,"E":1757096856621}
{"e":"bookTicker","u":8522541602785,"s":"BTCUSDT","b":"110865.50","B":"6.513","a":"110865.60","A":"0.002","T":1757096856621,"E":1757096856621}
{"e":"bookTicker","u":8522541602849,"s":"BTCUSDT","b":"110865.50","B":"6.512","a":"110865.60","A":"0.002","T":1757096856621,"E":1757096856621}
{"e":"bookTicker","u":8522541602968,"s":"BTCUSDT","b":"110865.50","B":"6.512","a":"110865.60","A":"0.300","T":1757096856621,"E":1757096856622}
{"e":"bookTicker","u":8522541602987,"s":"BTCUSDT","b":"110865.50","B":"6.720","a":"110865.60","A":"0.300","T":1757096856621,"E":1757096856622}
{"e":"bookTicker","u":8522541603047,"s":"BTCUSDT","b":"110865.50","B":"6.733","a":"110865.60","A":"0.300","T":1757096856621,"E":1757096856622}
{"e":"bookTicker","u":8522541603088,"s":"BTCUSDT","b":"110865.50","B":"6.761","a":"110865.60","A":"0.300","T":1757096856621,"E":1757096856622}
{"e":"bookTicker","u":8522541603105,"s":"BTCUSDT","b":"110865.50","B":"7.111","a":"110865.60","A":"0.300","T":1757096856622,"E":1757096856622}
{"e":"bookTicker","u":8522541603120,"s":"BTCUSDT","b":"110865.50","B":"7.598","a":"110865.60","A":"0.300","T":1757096856622,"E":1757096856622}
{"e":"bookTicker","u":8522541603131,"s":"BTCUSDT","b":"110865.50","B":"8.830","a":"110865.60","A":"0.300","T":1757096856622,"E":1757096856622}
{"e":"bookTicker","u":8522541603230,"s":"BTCUSDT","b":"110865.50","B":"8.830","a":"110865.60","A":"0.654","T":1757096856622,"E":1757096856622}
{"e":"bookTicker","u":8522541603243,"s":"BTCUSDT","b":"110865.50","B":"9.244","a":"110865.60","A":"0.654","T":1757096856622,"E":1757096856622}
{"e":"bookTicker","u":8522541603248,"s":"BTCUSDT","b":"110865.50","B":"9.244","a":"110865.60","A":"0.300","T":1757096856622,"E":1757096856622}
{"e":"bookTicker","u":8522541603292,"s":"BTCUSDT","b":"110865.50","B":"9.244","a":"110865.60","A":"0.947","T":1757096856622,"E":1757096856622}
{"e":"bookTicker","u":8522541603304,"s":"BTCUSDT","b":"110865.50","B":"9.244","a":"110865.60","A":"0.300","T":1757096856622,"E":1757096856622}
{"e":"bookTicker","u":8522541603306,"s":"BTCUSDT","b":"110865.50","B":"9.244","a":"110865.60","A":"0.853","T":1757096856622,"E":1757096856622}
{"e":"bookTicker","u":8522541603309,"s":"BTCUSDT","b":"110865.50","B":"9.244","a":"110865.60","A":"1.470","T":1757096856622,"E":1757096856622}
{"e":"bookTicker","u":8522541603395,"s":"BTCUSDT","b":"110865.50","B":"9.603","a":"110865.60","A":"1.470","T":1757096856622,"E":1757096856622}
{"e":"bookTicker","u":8522541603397,"s":"BTCUSDT","b":"110865.50","B":"9.739","a":"110865.60","A":"1.470","T":1757096856622,"E":1757096856622}
{"e":"bookTicker","u":8522541603398,"s":"BTCUSDT","b":"110865.50","B":"10.089","a":"110865.60","A":"1.470","T":1757096856622,"E":1757096856622}
{"e":"bookTicker","u":8522541603407,"s":"BTCUSDT","b":"110865.50","B":"10.207","a":"110865.60","A":"1.470","T":1757096856622,"E":1757096856623}
{"e":"bookTicker","u":8522541603420,"s":"BTCUSDT","b":"110865.50","B":"12.140","a":"110865.60","A":"1.470","T":1757096856622,"E":1757096856623}
{"e":"bookTicker","u":8522541603473,"s":"BTCUSDT","b":"110865.50","B":"12.240","a":"110865.60","A":"1.470","T":1757096856622,"E":1757096856623}
{"e":"bookTicker","u":8522541603479,"s":"BTCUSDT","b":"110865.50","B":"12.261","a":"110865.60","A":"1.470","T":1757096856622,"E":1757096856623}
{"e":"bookTicker","u":8522541603483,"s":"BTCUSDT","b":"110865.50","B":"12.379","a":"110865.60","A":"1.470","T":1757096856622,"E":1757096856623}
{"e":"bookTicker","u":8522541603500,"s":"BTCUSDT","b":"110865.50","B":"12.380","a":"110865.60","A":"1.470","T":1757096856622,"E":1757096856623}
{"e":"bookTicker","u":8522541603506,"s":"BTCUSDT","b":"110865.50","B":"12.380","a":"110865.60","A":"1.553","T":1757096856622,"E":1757096856623}
{"e":"bookTicker","u":8522541603507,"s":"BTCUSDT","b":"110865.50","B":"12.739","a":"110865.60","A":"1.553","T":1757096856622,"E":1757096856623}
{"e":"bookTicker","u":8522541603510,"s":"BTCUSDT","b":"110865.50","B":"12.739","a":"110865.60","A":"1.886","T":1757096856622,"E":1757096856623}
{"e":"bookTicker","u":8522541603520,"s":"BTCUSDT","b":"110865.50","B":"12.980","a":"110865.60","A":"1.886","T":1757096856622,"E":1757096856623}
{"e":"bookTicker","u":8522541603525,"s":"BTCUSDT","b":"110865.50","B":"13.001","a":"110865.60","A":"1.886","T":1757096856622,"E":1757096856623}
{"e":"bookTicker","u":8522541603526,"s":"BTCUSDT","b":"110865.50","B":"13.119","a":"110865.60","A":"1.886","T":1757096856622,"E":1757096856623}
{"e":"bookTicker","u":8522541603528,"s":"BTCUSDT","b":"110865.50","B":"13.119","a":"110865.60","A":"2.604","T":1757096856622,"E":1757096856623}
{"e":"bookTicker","u":8522541603533,"s":"BTCUSDT","b":"110865.50","B":"13.237","a":"110865.60","A":"2.604","T":1757096856622,"E":1757096856623}
{"e":"bookTicker","u":8522541603546,"s":"BTCUSDT","b":"110865.50","B":"13.337","a":"110865.60","A":"2.604","T":1757096856623,"E":1757096856623}
{"e":"bookTicker","u":8522541603547,"s":"BTCUSDT","b":"110865.50","B":"13.337","a":"110865.60","A":"2.712","T":1757096856623,"E":1757096856623}
{"e":"bookTicker","u":8522541603572,"s":"BTCUSDT","b":"110865.50","B":"13.339","a":"110865.60","A":"2.712","T":1757096856623,"E":1757096856623}
{"e":"bookTicker","u":8522541603581,"s":"BTCUSDT","b":"110865.50","B":"13.439","a":"110865.60","A":"2.712","T":1757096856623,"E":1757096856623}
{"e":"bookTicker","u":8522541603602,"s":"BTCUSDT","b":"110865.50","B":"13.970","a":"110865.60","A":"2.712","T":1757096856623,"E":1757096856623}
{"e":"bookTicker","u":8522541603610,"s":"BTCUSDT","b":"110865.50","B":"14.246","a":"110865.60","A":"2.712","T":1757096856623,"E":1757096856623}
{"e":"bookTicker","u":8522541603613,"s":"BTCUSDT","b":"110865.50","B":"14.246","a":"110865.60","A":"2.414","T":1757096856623,"E":1757096856623}
{"e":"bookTicker","u":8522541603639,"s":"BTCUSDT","b":"110865.50","B":"14.778","a":"110865.60","A":"2.414","T":1757096856623,"E":1757096856623}
{"e":"bookTicker","u":8522541603647,"s":"BTCUSDT","b":"110865.50","B":"14.878","a":"110865.60","A":"2.414","T":1757096856623,"E":1757096856623}
{"e":"bookTicker","u":8522541603659,"s":"BTCUSDT","b":"110865.50","B":"15.237","a":"110865.60","A":"2.414","T":1757096856623,"E":1757096856623}
{"e":"bookTicker","u":8522541603662,"s":"BTCUSDT","b":"110865.50","B":"15.281","a":"110865.60","A":"2.414","T":1757096856623,"E":1757096856623}
{"e":"bookTicker","u":8522541603671,"s":"BTCUSDT","b":"110865.50","B":"15.381","a":"110865.60","A":"2.414","T":1757096856623,"E":1757096856623}
{"e":"bookTicker","u":8522541603687,"s":"BTCUSDT","b":"110865.50","B":"15.740","a":"110865.60","A":"2.414","T":1757096856623,"E":1757096856623}
{"e":"bookTicker","u":8522541603689,"s":"BTCUSDT","b":"110865.50","B":"16.099","a":"110865.60","A":"2.414","T":1757096856623,"E":1757096856623}
{"e":"bookTicker","u":8522541603694,"s":"BTCUSDT","b":"110865.50","B":"17.713","a":"110865.60","A":"2.414","T":1757096856623,"E":1757096856623}
{"e":"bookTicker","u":8522541603700,"s":"BTCUSDT","b":"110865.50","B":"17.831","a":"110865.60","A":"2.414","T":1757096856623,"E":1757096856623}
{"e":"bookTicker","u":8522541603701,"s":"BTCUSDT","b":"110865.50","B":"17.949","a":"110865.60","A":"2.414","T":1757096856623,"E":1757096856623}
{"e":"bookTicker","u":8522541603702,"s":"BTCUSDT","b":"110865.50","B":"18.067","a":"110865.60","A":"2.414","T":1757096856623,"E":1757096856623}
{"e":"bookTicker","u":8522541603703,"s":"BTCUSDT","b":"110865.50","B":"18.402","a":"110865.60","A":"2.414","T":1757096856623,"E":1757096856623}
{"e":"bookTicker","u":8522541603707,"s":"BTCUSDT","b":"110865.50","B":"18.502","a":"110865.60","A":"2.414","T":1757096856623,"E":1757096856623}
{"e":"bookTicker","u":8522541603716,"s":"BTCUSDT","b":"110865.50","B":"18.502","a":"110865.60","A":"2.619","T":1757096856623,"E":1757096856623}
{"e":"bookTicker","u":8522541603717,"s":"BTCUSDT","b":"110865.50","B":"18.620","a":"110865.60","A":"2.619","T":1757096856623,"E":1757096856623}
{"e":"bookTicker","u":8522541603718,"s":"BTCUSDT","b":"110865.50","B":"18.738","a":"110865.60","A":"2.619","T":1757096856623,"E":1757096856623}
{"e":"bookTicker","u":8522541603721,"s":"BTCUSDT","b":"110865.50","B":"18.739","a":"110865.60","A":"2.619","T":1757096856623,"E":1757096856623}
{"e":"bookTicker","u":8522541603724,"s":"BTCUSDT","b":"110865.50","B":"19.098","a":"110865.60","A":"2.619","T":1757096856623,"E":1757096856623}
{"e":"bookTicker","u":8522541603725,"s":"BTCUSDT","b":"110865.50","B":"19.119","a":"110865.60","A":"2.619","T":1757096856623,"E":1757096856623}
{"e":"bookTicker","u":8522541603733,"s":"BTCUSDT","b":"110865.50","B":"19.326","a":"110865.60","A":"2.619","T":1757096856623,"E":1757096856623}
{"e":"bookTicker","u":8522541603740,"s":"BTCUSDT","b":"110865.50","B":"19.685","a":"110865.60","A":"2.619","T":1757096856623,"E":1757096856623}
{"e":"bookTicker","u":8522541603741,"s":"BTCUSDT","b":"110865.50","B":"19.685","a":"110865.60","A":"3.371","T":1757096856623,"E":1757096856623}
{"e":"bookTicker","u":8522541603746,"s":"BTCUSDT","b":"110865.50","B":"20.044","a":"110865.60","A":"3.371","T":1757096856623,"E":1757096856623}
{"e":"bookTicker","u":8522541603753,"s":"BTCUSDT","b":"110865.50","B":"20.636","a":"110865.60","A":"3.371","T":1757096856623,"E":1757096856623}
{"e":"bookTicker","u":8522541603771,"s":"BTCUSDT","b":"110865.50","B":"22.456","a":"110865.60","A":"3.371","T":1757096856623,"E":1757096856623}
{"e":"bookTicker","u":8522541603772,"s":"BTCUSDT","b":"110865.50","B":"22.456","a":"110865.60","A":"3.607","T":1757096856623,"E":1757096856623}
{"e":"bookTicker","u":8522541603793,"s":"BTCUSDT","b":"110865.50","B":"22.456","a":"110865.60","A":"3.402","T":1757096856623,"E":1757096856623}
{"e":"bookTicker","u":8522541603800,"s":"BTCUSDT","b":"110865.50","B":"22.556","a":"110865.60","A":"3.402","T":1757096856623,"E":1757096856623}
{"e":"bookTicker","u":8522541603808,"s":"BTCUSDT","b":"110865.50","B":"22.674","a":"110865.60","A":"3.402","T":1757096856623,"E":1757096856623}
{"e":"bookTicker","u":8522541603812,"s":"BTCUSDT","b":"110865.50","B":"23.254","a":"110865.60","A":"3.402","T":1757096856623,"E":1757096856623}
{"e":"bookTicker","u":8522541603830,"s":"BTCUSDT","b":"110865.50","B":"23.613","a":"110865.60","A":"3.402","T":1757096856623,"E":1757096856623}
{"e":"bookTicker","u":8522541603839,"s":"BTCUSDT","b":"110865.50","B":"23.613","a":"110865.60","A":"4.026","T":1757096856623,"E":1757096856623}
{"e":"bookTicker","u":8522541603840,"s":"BTCUSDT","b":"110865.50","B":"23.613","a":"110865.60","A":"4.332","T":1757096856623,"E":1757096856623}
{"e":"bookTicker","u":8522541603841,"s":"BTCUSDT","b":"110865.50","B":"23.714","a":"110865.60","A":"4.332","T":1757096856623,"E":1757096856623}
{"e":"bookTicker","u":8522541603843,"s":"BTCUSDT","b":"110865.50","B":"23.814","a":"110865.60","A":"4.332","T":1757096856623,"E":1757096856623}
{"e":"bookTicker","u":8522541603872,"s":"BTCUSDT","b":"110865.50","B":"23.914","a":"110865.60","A":"4.332","T":1757096856623,"E":1757096856624}
{"e":"bookTicker","u":8522541603900,"s":"BTCUSDT","b":"110865.50","B":"25.680","a":"110865.60","A":"4.332","T":1757096856623,"E":1757096856624}
{"e":"bookTicker","u":8522541603918,"s":"BTCUSDT","b":"110865.50","B":"25.681","a":"110865.60","A":"4.332","T":1757096856623,"E":1757096856624}
{"e":"bookTicker","u":8522541603924,"s":"BTCUSDT","b":"110865.50","B":"26.040","a":"110865.60","A":"4.332","T":1757096856623,"E":1757096856624}
{"e":"bookTicker","u":8522541603927,"s":"BTCUSDT","b":"110865.50","B":"26.048","a":"110865.60","A":"4.332","T":1757096856623,"E":1757096856624}
{"e":"bookTicker","u":8522541603981,"s":"BTCUSDT","b":"110865.50","B":"26.050","a":"110865.60","A":"4.332","T":1757096856623,"E":1757096856624}
{"e":"bookTicker","u":8522541604121,"s":"BTCUSDT","b":"110865.50","B":"26.550","a":"110865.60","A":"4.332","T":1757096856624,"E":1757096856624}
{"e":"bookTicker","u":8522541604228,"s":"BTCUSDT","b":"110865.50","B":"26.550","a":"110865.60","A":"4.333","T":1757096856624,"E":1757096856624}
{"e":"bookTicker","u":8522541604587,"s":"BTCUSDT","b":"110865.50","B":"26.551","a":"110865.60","A":"4.333","T":1757096856625,"E":1757096856625}
{"e":"bookTicker","u":8522541604602,"s":"BTCUSDT","b":"110865.50","B":"26.557","a":"110865.60","A":"4.333","T":1757096856625,"E":1757096856625}
{"e":"bookTicker","u":8522541604641,"s":"BTCUSDT","b":"110865.50","B":"26.552","a":"110865.60","A":"4.333","T":1757096856625,"E":1757096856625}
{"e":"bookTicker","u":8522541604668,"s":"BTCUSDT","b":"110865.50","B":"26.642","a":"110865.60","A":"4.333","T":1757096856625,"E":1757096856625}
{"e":"bookTicker","u":8522541604695,"s":"BTCUSDT","b":"110865.50","B":"26.651","a":"110865.60","A":"4.333","T":1757096856625,"E":1757096856625}
{"e":"bookTicker","u":8522541604720,"s":"BTCUSDT","b":"110865.50","B":"26.658","a":"110865.60","A":"4.333","T":1757096856625,"E":1757096856625}
{"e":"bookTicker","u":8522541604882,"s":"BTCUSDT","b":"110865.50","B":"26.853","a":"110865.60","A":"4.333","T":1757096856625,"E":1757096856626}
{"e":"bookTicker","u":8522541605032,"s":"BTCUSDT","b":"110865.50","B":"26.857","a":"110865.60","A":"4.333","T":1757096856626,"E":1757096856626}
{"e":"bookTicker","u":8522541605263,"s":"BTCUSDT","b":"110865.50","B":"26.859","a":"110865.60","A":"4.333","T":1757096856626,"E":1757096856627}
{"e":"bookTicker","u":8522541605359,"s":"BTCUSDT","b":"110865.50","B":"26.861","a":"110865.60","A":"4.333","T":1757096856627,"E":1757096856627}
{"e":"bookTicker","u":8522541605535,"s":"BTCUSDT","b":"110865.50","B":"26.330","a":"110865.60","A":"4.333","T":1757096856627,"E":1757096856627}
{"e":"bookTicker","u":8522541605536,"s":"BTCUSDT","b":"110865.50","B":"25.798","a":"110865.60","A":"4.333","T":1757096856627,"E":1757096856627}
{"e":"bookTicker","u":8522541605958,"s":"BTCUSDT","b":"110865.50","B":"25.798","a":"110865.60","A":"4.620","T":1757096856628,"E":1757096856628}
{"e":"bookTicker","u":8522541605976,"s":"BTCUSDT","b":"110865.50","B":"25.801","a":"110865.60","A":"4.620","T":1757096856628,"E":1757096856629}
{"e":"bookTicker","u":8522541605987,"s":"BTCUSDT","b":"110865.50","B":"25.874","a":"110865.60","A":"4.620","T":1757096856628,"E":1757096856629}
{"e":"bookTicker","u":8522541605992,"s":"BTCUSDT","b":"110865.50","B":"25.950","a":"110865.60","A":"4.620","T":1757096856628,"E":1757096856629}
{"e":"bookTicker","u":8522541605993,"s":"BTCUSDT","b":"110865.50","B":"26.023","a":"110865.60","A":"4.620","T":1757096856628,"E":1757096856629}
{"e":"bookTicker","u":8522541606077,"s":"BTCUSDT","b":"110865.50","B":"26.020","a":"110865.60","A":"4.620","T":1757096856628,"E":1757096856629}
{"e":"bookTicker","u":8522541606096,"s":"BTCUSDT","b":"110865.50","B":"26.020","a":"110865.60","A":"4.333","T":1757096856628,"E":1757096856629}
{"e":"bookTicker","u":8522541606208,"s":"BTCUSDT","b":"110865.50","B":"26.082","a":"110865.60","A":"4.333","T":1757096856629,"E":1757096856629}
{"e":"bookTicker","u":8522541606261,"s":"BTCUSDT","b":"110865.50","B":"26.076","a":"110865.60","A":"4.333","T":1757096856629,"E":1757096856629}
{"e":"bookTicker","u":8522541606359,"s":"BTCUSDT","b":"110865.50","B":"26.178","a":"110865.60","A":"4.333","T":1757096856629,"E":1757096856630}
{"e":"bookTicker","u":8522541606415,"s":"BTCUSDT","b":"110865.50","B":"26.254","a":"110865.60","A":"4.333","T":1757096856629,"E":1757096856630}
{"e":"bookTicker","u":8522541606444,"s":"BTCUSDT","b":"110865.50","B":"26.260","a":"110865.60","A":"4.333","T":1757096856629,"E":1757096856630}
{"e":"bookTicker","u":8522541606591,"s":"BTCUSDT","b":"110865.50","B":"26.260","a":"110865.60","A":"4.336","T":1757096856630,"E":1757096856630}
{"e":"bookTicker","u":8522541606755,"s":"BTCUSDT","b":"110865.50","B":"26.308","a":"110865.60","A":"4.336","T":1757096856630,"E":1757096856630}
{"e":"bookTicker","u":8522541607050,"s":"BTCUSDT","b":"110865.50","B":"26.309","a":"110865.60","A":"4.336","T":1757096856631,"E":1757096856631}
{"e":"bookTicker","u":8522541607051,"s":"BTCUSDT","b":"110865.50","B":"26.309","a":"110865.60","A":"4.337","T":1757096856631,"E":1757096856631}
{"e":"bookTicker","u":8522541607938,"s":"BTCUSDT","b":"110865.50","B":"26.303","a":"110865.60","A":"4.337","T":1757096856633,"E":1757096856633}
{"e":"bookTicker","u":8522541608022,"s":"BTCUSDT","b":"110865.50","B":"26.309","a":"110865.60","A":"4.337","T":1757096856633,"E":1757096856633}
{"e":"bookTicker","u":8522541608562,"s":"BTCUSDT","b":"110865.50","B":"26.309","a":"110865.60","A":"4.340","T":1757096856634,"E":1757096856635}
{"e":"bookTicker","u":8522541608565,"s":"BTCUSDT","b":"110865.50","B":"26.309","a":"110865.60","A":"3.588","T":1757096856634,"E":1757096856635}
{"e":"bookTicker","u":8522541609113,"s":"BTCUSDT","b":"110865.50","B":"26.328","a":"110865.60","A":"3.588","T":1757096856636,"E":1757096856636}
{"e":"bookTicker","u":8522541609313,"s":"BTCUSDT","b":"110865.50","B":"26.328","a":"110865.60","A":"3.972","T":1757096856636,"E":1757096856637}
{"e":"bookTicker","u":8522541609776,"s":"BTCUSDT","b":"110865.50","B":"26.322","a":"110865.60","A":"3.972","T":1757096856637,"E":1757096856638}
{"e":"bookTicker","u":8522541609779,"s":"BTCUSDT","b":"110865.50","B":"26.328","a":"110865.60","A":"3.972","T":1757096856637,"E":1757096856638}
{"e":"bookTicker","u":8522541609924,"s":"BTCUSDT","b":"110865.50","B":"26.329","a":"110865.60","A":"3.972","T":1757096856638,"E":1757096856638}
{"e":"bookTicker","u":8522541610123,"s":"BTCUSDT","b":"110865.50","B":"25.457","a":"110865.60","A":"3.972","T":1757096856638,"E":1757096856639}
{"e":"bookTicker","u":8522541610280,"s":"BTCUSDT","b":"110865.50","B":"24.585","a":"110865.60","A":"3.972","T":1757096856639,"E":1757096856639}
{"e":"bookTicker","u":8522541611114,"s":"BTCUSDT","b":"110865.50","B":"24.235","a":"110865.60","A":"3.972","T":1757096856640,"E":1757096856641}
{"e":"bookTicker","u":8522541611371,"s":"BTCUSDT","b":"110865.50","B":"24.235","a":"110865.60","A":"3.588","T":1757096856641,"E":1757096856641}
{"e":"bookTicker","u":8522541611550,"s":"BTCUSDT","b":"110865.50","B":"24.135","a":"110865.60","A":"3.588","T":1757096856641,"E":1757096856641}
{"e":"bookTicker","u":8522541611560,"s":"BTCUSDT","b":"110865.50","B":"24.135","a":"110865.60","A":"2.971","T":1757096856641,"E":1757096856641}
{"e":"bookTicker","u":8522541611570,"s":"BTCUSDT","b":"110865.50","B":"24.135","a":"110865.60","A":"2.888","T":1757096856641,"E":1757096856641}
{"e":"bookTicker","u":8522541611611,"s":"BTCUSDT","b":"110865.50","B":"24.135","a":"110865.60","A":"2.890","T":1757096856641,"E":1757096856642}
{"e":"bookTicker","u":8522541611613,"s":"BTCUSDT","b":"110865.50","B":"24.035","a":"110865.60","A":"2.890","T":1757096856641,"E":1757096856642}
{"e":"bookTicker","u":8522541611628,"s":"BTCUSDT","b":"110865.50","B":"23.935","a":"110865.60","A":"2.890","T":1757096856641,"E":1757096856642}
{"e":"bookTicker","u":8522541611633,"s":"BTCUSDT","b":"110865.50","B":"23.936","a":"110865.60","A":"2.890","T":1757096856641,"E":1757096856642}
{"e":"bookTicker","u":8522541611722,"s":"BTCUSDT","b":"110865.50","B":"23.936","a":"110865.60","A":"2.557","T":1757096856641,"E":1757096856642}
{"e":"bookTicker","u":8522541611766,"s":"BTCUSDT","b":"110865.50","B":"23.936","a":"110865.60","A":"2.321","T":1757096856642,"E":1757096856642}
{"e":"bookTicker","u":8522541611772,"s":"BTCUSDT","b":"110865.50","B":"23.818","a":"110865.60","A":"2.321","T":1757096856642,"E":1757096856642}
{"e":"bookTicker","u":8522541611807,"s":"BTCUSDT","b":"110865.50","B":"23.459","a":"110865.60","A":"2.321","T":1757096856642,"E":1757096856642}
{"e":"bookTicker","u":8522541611809,"s":"BTCUSDT","b":"110865.50","B":"23.459","a":"110865.60","A":"3.935","T":1757096856642,"E":1757096856642}
{"e":"bookTicker","u":8522541611810,"s":"BTCUSDT","b":"110865.50","B":"23.100","a":"110865.60","A":"3.935","T":1757096856642,"E":1757096856642}
{"e":"bookTicker","u":8522541611837,"s":"BTCUSDT","b":"110865.50","B":"22.982","a":"110865.60","A":"3.935","T":1757096856642,"E":1757096856642}
{"e":"bookTicker","u":8522541611841,"s":"BTCUSDT","b":"110865.50","B":"22.864","a":"110865.60","A":"3.935","T":1757096856642,"E":1757096856642}
{"e":"bookTicker","u":8522541611861,"s":"BTCUSDT","b":"110865.50","B":"22.858","a":"110865.60","A":"3.935","T":1757096856642,"E":1757096856642}
{"e":"bookTicker","u":8522541611890,"s":"BTCUSDT","b":"110865.50","B":"22.499","a":"110865.60","A":"3.935","T":1757096856642,"E":1757096856642}
{"e":"bookTicker","u":8522541611891,"s":"BTCUSDT","b":"110865.50","B":"22.381","a":"110865.60","A":"3.935","T":1757096856642,"E":1757096856642}
{"e":"bookTicker","u":8522541611960,"s":"BTCUSDT","b":"110865.50","B":"22.263","a":"110865.60","A":"3.935","T":1757096856642,"E":1757096856642}
{"e":"bookTicker","u":8522541611965,"s":"BTCUSDT","b":"110865.50","B":"21.904","a":"110865.60","A":"3.935","T":1757096856642,"E":1757096856642}
{"e":"bookTicker","u":8522541611977,"s":"BTCUSDT","b":"110865.50","B":"21.910","a":"110865.60","A":"3.935","T":1757096856642,"E":1757096856642}
{"e":"bookTicker","u":8522541612024,"s":"BTCUSDT","b":"110865.50","B":"21.551","a":"110865.60","A":"3.935","T":1757096856642,"E":1757096856642}
{"e":"bookTicker","u":8522541612025,"s":"BTCUSDT","b":"110865.50","B":"21.433","a":"110865.60","A":"3.935","T":1757096856642,"E":1757096856642}
{"e":"bookTicker","u":8522541612038,"s":"BTCUSDT","b":"110865.50","B":"21.074","a":"110865.60","A":"3.935","T":1757096856642,"E":1757096856642}
{"e":"bookTicker","u":8522541612052,"s":"BTCUSDT","b":"110865.50","B":"21.074","a":"110865.60","A":"3.382","T":1757096856642,"E":1757096856642}
{"e":"bookTicker","u":8522541612068,"s":"BTCUSDT","b":"110865.50","B":"20.956","a":"110865.60","A":"3.382","T":1757096856642,"E":1757096856642}
{"e":"bookTicker","u":8522541612083,"s":"BTCUSDT","b":"110865.50","B":"20.597","a":"110865.60","A":"3.382","T":1757096856642,"E":1757096856643}
{"e":"bookTicker","u":8522541612100,"s":"BTCUSDT","b":"110865.50","B":"20.597","a":"110865.60","A":"3.385","T":1757096856642,"E":1757096856643}
{"e":"bookTicker","u":8522541612101,"s":"BTCUSDT","b":"110865.50","B":"20.597","a":"110865.60","A":"3.388","T":1757096856642,"E":1757096856643}
{"e":"bookTicker","u":8522541612110,"s":"BTCUSDT","b":"110865.50","B":"20.607","a":"110865.60","A":"3.388","T":1757096856642,"E":1757096856643}
{"e":"bookTicker","u":8522541612151,"s":"BTCUSDT","b":"110865.50","B":"20.489","a":"110865.60","A":"3.388","T":1757096856642,"E":1757096856643}
{"e":"bookTicker","u":8522541612484,"s":"BTCUSDT","b":"110865.50","B":"20.130","a":"110865.60","A":"3.388","T":1757096856643,"E":1757096856643}
{"e":"bookTicker","u":8522541612548,"s":"BTCUSDT","b":"110865.50","B":"20.139","a":"110865.60","A":"3.388","T":1757096856643,"E":1757096856644}
{"e":"bookTicker","u":8522541612611,"s":"BTCUSDT","b":"110865.50","B":"20.145","a":"110865.60","A":"3.388","T":1757096856643,"E":1757096856644}
{"e":"bookTicker","u":8522541612932,"s":"BTCUSDT","b":"110865.50","B":"21.245","a":"110865.60","A":"3.388","T":1757096856644,"E":1757096856644}
{"e":"bookTicker","u":8522541613505,"s":"BTCUSDT","b":"110865.50","B":"21.245","a":"110865.60","A":"3.386","T":1757096856645,"E":1757096856646}
{"e":"bookTicker","u":8522541613579,"s":"BTCUSDT","b":"110865.50","B":"21.245","a":"110865.60","A":"3.388","T":1757096856646,"E":1757096856646}
{"e":"bookTicker","u":8522541613752,"s":"BTCUSDT","b":"110865.50","B":"21.246","a":"110865.60","A":"3.388","T":1757096856646,"E":1757096856646}
{"e":"bookTicker","u":8522541613829,"s":"BTCUSDT","b":"110865.50","B":"21.240","a":"110865.60","A":"3.388","T":1757096856646,"E":1757096856646}
{"e":"bookTicker","u":8522541613898,"s":"BTCUSDT","b":"110865.50","B":"21.246","a":"110865.60","A":"3.388","T":1757096856646,"E":1757096856647}
{"e":"bookTicker","u":8522541614017,"s":"BTCUSDT","b":"110865.50","B":"21.251","a":"110865.60","A":"3.388","T":1757096856647,"E":1757096856647}
{"e":"bookTicker","u":8522541614051,"s":"BTCUSDT","b":"110865.50","B":"21.175","a":"110865.60","A":"3.388","T":1757096856647,"E":1757096856647}
{"e":"bookTicker","u":8522541614074,"s":"BTCUSDT","b":"110865.50","B":"21.178","a":"110865.60","A":"3.388","T":1757096856647,"E":1757096856647}
{"e":"bookTicker","u":8522541614103,"s":"BTCUSDT","b":"110865.50","B":"21.178","a":"110865.60","A":"3.993","T":1757096856647,"E":1757096856647}
{"e":"bookTicker","u":8522541614122,"s":"BTCUSDT","b":"110865.50","B":"21.191","a":"110865.60","A":"3.993","T":1757096856647,"E":1757096856647}
{"e":"bookTicker","u":8522541614129,"s":"BTCUSDT","b":"110865.50","B":"21.193","a":"110865.60","A":"3.993","T":1757096856647,"E":1757096856647}
{"e":"bookTicker","u":8522541614180,"s":"BTCUSDT","b":"110865.50","B":"21.120","a":"110865.60","A":"3.993","T":1757096856647,"E":1757096856647}
{"e":"bookTicker","u":8522541614217,"s":"BTCUSDT","b":"110865.50","B":"21.047","a":"110865.60","A":"3.993","T":1757096856647,"E":1757096856647}
{"e":"bookTicker","u":8522541614238,"s":"BTCUSDT","b":"110865.50","B":"20.945","a":"110865.60","A":"3.993","T":1757096856647,"E":1757096856647}
{"e":"bookTicker","u":8522541614275,"s":"BTCUSDT","b":"110865.50","B":"20.883","a":"110865.60","A":"3.993","T":1757096856647,"E":1757096856648}
{"e":"bookTicker","u":8522541614313,"s":"BTCUSDT","b":"110865.50","B":"20.807","a":"110865.60","A":"3.993","T":1757096856647,"E":1757096856648}
{"e":"bookTicker","u":8522541614459,"s":"BTCUSDT","b":"110865.50","B":"20.807","a":"110865.60","A":"4.280","T":1757096856648,"E":1757096856648}
{"e":"bookTicker","u":8522541614539,"s":"BTCUSDT","b":"110865.50","B":"20.806","a":"110865.60","A":"4.280","T":1757096856648,"E":1757096856648}
{"e":"bookTicker","u":8522541614596,"s":"BTCUSDT","b":"110865.50","B":"20.806","a":"110865.60","A":"4.279","T":1757096856648,"E":1757096856648}
{"e":"bookTicker","u":8522541614759,"s":"BTCUSDT","b":"110865.50","B":"20.806","a":"110865.60","A":"4.277","T":1757096856649,"E":1757096856649}
{"e":"bookTicker","u":8522541614869,"s":"BTCUSDT","b":"110865.50","B":"20.806","a":"110865.60","A":"4.279","T":1757096856649,"E":1757096856649}
{"e":"bookTicker","u":8522541614965,"s":"BTCUSDT","b":"110865.50","B":"20.800","a":"110865.60","A":"4.279","T":1757096856649,"E":1757096856649}
{"e":"bookTicker","u":8522541615041,"s":"BTCUSDT","b":"110865.50","B":"20.806","a":"110865.60","A":"4.279","T":1757096856649,"E":1757096856649}
{"e":"bookTicker","u":8522541616036,"s":"BTCUSDT","b":"110865.50","B":"20.806","a":"110865.60","A":"4.286","T":1757096856652,"E":1757096856652}
{"e":"bookTicker","u":8522541616329,"s":"BTCUSDT","b":"110865.50","B":"20.806","a":"110865.60","A":"4.284","T":1757096856652,"E":1757096856653}
{"e":"bookTicker","u":8522541616331,"s":"BTCUSDT","b":"110865.50","B":"20.806","a":"110865.60","A":"4.286","T":1757096856652,"E":1757096856653}
{"e":"bookTicker","u":8522541616931,"s":"BTCUSDT","b":"110865.50","B":"20.810","a":"110865.60","A":"4.286","T":1757096856654,"E":1757096856654}
{"e":"bookTicker","u":8522541617186,"s":"BTCUSDT","b":"110865.50","B":"20.810","a":"110865.60","A":"4.670","T":1757096856654,"E":1757096856655}
{"e":"bookTicker","u":8522541617218,"s":"BTCUSDT","b":"110865.50","B":"20.810","a":"110865.60","A":"4.875","T":1757096856654,"E":1757096856655}
{"e":"bookTicker","u":8522541617225,"s":"BTCUSDT","b":"110865.50","B":"20.800","a":"110865.60","A":"4.875","T":1757096856654,"E":1757096856655}
{"e":"bookTicker","u":8522541617324,"s":"BTCUSDT","b":"110865.50","B":"20.682","a":"110865.60","A":"4.875","T":1757096856655,"E":1757096856655}
{"e":"bookTicker","u":8522541617350,"s":"BTCUSDT","b":"110865.50","B":"20.682","a":"110865.60","A":"4.872","T":1757096856655,"E":1757096856655}
{"e":"bookTicker","u":8522541617352,"s":"BTCUSDT","b":"110865.50","B":"20.682","a":"110865.60","A":"4.869","T":1757096856655,"E":1757096856655}
{"e":"bookTicker","u":8522541617492,"s":"BTCUSDT","b":"110865.50","B":"20.682","a":"110865.60","A":"4.872","T":1757096856655,"E":1757096856655}
{"e":"bookTicker","u":8522541617536,"s":"BTCUSDT","b":"110865.50","B":"20.682","a":"110865.60","A":"4.870","T":1757096856655,"E":1757096856655}
{"e":"bookTicker","u":8522541617593,"s":"BTCUSDT","b":"110865.50","B":"20.682","a":"110865.60","A":"4.872","T":1757096856655,"E":1757096856656}
{"e":"bookTicker","u":8522541617678,"s":"BTCUSDT","b":"110865.50","B":"20.676","a":"110865.60","A":"4.872","T":1757096856655,"E":1757096856656}
{"e":"bookTicker","u":8522541617762,"s":"BTCUSDT","b":"110865.50","B":"20.682","a":"110865.60","A":"4.872","T":1757096856656,"E":1757096856656}
{"e":"bookTicker","u":8522541617770,"s":"BTCUSDT","b":"110865.50","B":"20.682","a":"110865.60","A":"5.108","T":1757096856656,"E":1757096856656}
{"e":"bookTicker","u":8522541617952,"s":"BTCUSDT","b":"110865.50","B":"20.684","a":"110865.60","A":"5.108","T":1757096856656,"E":1757096856656}
{"e":"bookTicker","u":8522541618155,"s":"BTCUSDT","b":"110865.50","B":"20.684","a":"110865.60","A":"4.503","T":1757096856657,"E":1757096856657}
{"e":"bookTicker","u":8522541618808,"s":"BTCUSDT","b":"110865.50","B":"20.684","a":"110865.60","A":"4.501","T":1757096856658,"E":1757096856658}
{"e":"bookTicker","u":8522541618864,"s":"BTCUSDT","b":"110865.50","B":"20.684","a":"110865.60","A":"4.503","T":1757096856658,"E":1757096856659}
{"e":"bookTicker","u":8522541619095,"s":"BTCUSDT","b":"110865.50","B":"20.678","a":"110865.60","A":"4.503","T":1757096856659,"E":1757096856659}
{"e":"bookTicker","u":8522541619096,"s":"BTCUSDT","b":"110865.50","B":"20.684","a":"110865.60","A":"4.503","T":1757096856659,"E":1757096856659}
{"e":"bookTicker","u":8522541619564,"s":"BTCUSDT","b":"110865.50","B":"20.684","a":"110865.60","A":"4.119","T":1757096856660,"E":1757096856660}
{"e":"bookTicker","u":8522541619734,"s":"BTCUSDT","b":"110865.50","B":"20.774","a":"110865.60","A":"4.119","T":1757096856660,"E":1757096856661}
{"e":"bookTicker","u":8522541620031,"s":"BTCUSDT","b":"110865.50","B":"21.646","a":"110865.60","A":"4.119","T":1757096856661,"E":1757096856662}
{"e":"bookTicker","u":8522541620068,"s":"BTCUSDT","b":"110865.50","B":"21.676","a":"110865.60","A":"4.119","T":1757096856661,"E":1757096856662}
{"e":"bookTicker","u":8522541620377,"s":"BTCUSDT","b":"110865.50","B":"21.686","a":"110865.60","A":"4.119","T":1757096856662,"E":1757096856662}
{"e":"bookTicker","u":8522541620416,"s":"BTCUSDT","b":"110865.50","B":"21.686","a":"110865.60","A":"4.117","T":1757096856662,"E":1757096856663}
{"e":"bookTicker","u":8522541620499,"s":"BTCUSDT","b":"110865.50","B":"21.686","a":"110865.60","A":"4.119","T":1757096856662,"E":1757096856663}
{"e":"bookTicker","u":8522541620585,"s":"BTCUSDT","b":"110865.50","B":"21.686","a":"110865.60","A":"4.122","T":1757096856663,"E":1757096856663}
{"e":"bookTicker","u":8522541620655,"s":"BTCUSDT","b":"110865.50","B":"21.686","a":"110865.60","A":"4.125","T":1757096856663,"E":1757096856663}
{"e":"bookTicker","u":8522541620694,"s":"BTCUSDT","b":"110865.50","B":"21.686","a":"110865.60","A":"4.128","T":1757096856663,"E":1757096856663}
{"e":"bookTicker","u":8522541620756,"s":"BTCUSDT","b":"110865.50","B":"21.686","a":"110865.60","A":"4.125","T":1757096856663,"E":1757096856663}
{"e":"bookTicker","u":8522541620792,"s":"BTCUSDT","b":"110865.50","B":"21.667","a":"110865.60","A":"4.125","T":1757096856663,"E":1757096856663}
{"e":"bookTicker","u":8522541620856,"s":"BTCUSDT","b":"110865.50","B":"21.667","a":"110865.60","A":"4.126","T":1757096856663,"E":1757096856664}
{"e":"bookTicker","u":8522541620917,"s":"BTCUSDT","b":"110865.50","B":"21.668","a":"110865.60","A":"4.126","T":1757096856663,"E":1757096856664}
{"e":"bookTicker","u":8522541621160,"s":"BTCUSDT","b":"110865.50","B":"21.670","a":"110865.60","A":"4.126","T":1757096856664,"E":1757096856664}
{"e":"bookTicker","u":8522541621280,"s":"BTCUSDT","b":"110865.50","B":"21.670","a":"110865.60","A":"4.676","T":1757096856664,"E":1757096856665}
{"e":"bookTicker","u":8522541621589,"s":"BTCUSDT","b":"110865.50","B":"21.670","a":"110865.60","A":"4.674","T":1757096856665,"E":1757096856665}
{"e":"bookTicker","u":8522541621671,"s":"BTCUSDT","b":"110865.50","B":"21.670","a":"110865.60","A":"4.676","T":1757096856665,"E":1757096856665}
{"e":"bookTicker","u":8522541621880,"s":"BTCUSDT","b":"110865.50","B":"21.664","a":"110865.60","A":"4.676","T":1757096856666,"E":1757096856666}
{"e":"bookTicker","u":8522541621937,"s":"BTCUSDT","b":"110865.50","B":"21.670","a":"110865.60","A":"4.676","T":1757096856666,"E":1757096856666}
{"e":"bookTicker","u":8522541622304,"s":"BTCUSDT","b":"110865.50","B":"21.570","a":"110865.60","A":"4.676","T":1757096856667,"E":1757096856667}
{"e":"bookTicker","u":8522541622327,"s":"BTCUSDT","b":"110865.50","B":"21.470","a":"110865.60","A":"4.676","T":1757096856667,"E":1757096856667}
{"e":"bookTicker","u":8522541622334,"s":"BTCUSDT","b":"110865.50","B":"21.370","a":"110865.60","A":"4.676","T":1757096856667,"E":1757096856667}
{"e":"bookTicker","u":8522541622365,"s":"BTCUSDT","b":"110865.50","B":"21.270","a":"110865.60","A":"4.676","T":1757096856667,"E":1757096856667}
{"e":"bookTicker","u":8522541622375,"s":"BTCUSDT","b":"110865.50","B":"21.170","a":"110865.60","A":"4.676","T":1757096856667,"E":1757096856667}
{"e":"bookTicker","u":8522541622393,"s":"BTCUSDT","b":"110865.50","B":"21.170","a":"110865.60","A":"4.673","T":1757096856667,"E":1757096856667}
{"e":"bookTicker","u":8522541622406,"s":"BTCUSDT","b":"110865.50","B":"21.070","a":"110865.60","A":"4.673","T":1757096856667,"E":1757096856667}
{"e":"bookTicker","u":8522541622463,"s":"BTCUSDT","b":"110865.50","B":"21.070","a":"110865.60","A":"4.670","T":1757096856667,"E":1757096856668}
{"e":"bookTicker","u":8522541622487,"s":"BTCUSDT","b":"110865.50","B":"21.070","a":"110865.60","A":"4.669","T":1757096856667,"E":1757096856668}
{"e":"bookTicker","u":8522541622558,"s":"BTCUSDT","b":"110865.50","B":"21.069","a":"110865.60","A":"4.669","T":1757096856667,"E":1757096856668}
{"e":"bookTicker","u":8522541622591,"s":"BTCUSDT","b":"110865.50","B":"21.086","a":"110865.60","A":"4.669","T":1757096856668,"E":1757096856668}
{"e":"bookTicker","u":8522541622770,"s":"BTCUSDT","b":"110865.50","B":"21.085","a":"110865.60","A":"4.669","T":1757096856668,"E":1757096856668}
{"e":"bookTicker","u":8522541622804,"s":"BTCUSDT","b":"110865.50","B":"21.085","a":"110865.60","A":"4.667","T":1757096856668,"E":1757096856668}
{"e":"bookTicker","u":8522541622835,"s":"BTCUSDT","b":"110865.50","B":"21.085","a":"110865.60","A":"4.669","T":1757096856668,"E":1757096856668}
{"e":"bookTicker","u":8522541623114,"s":"BTCUSDT","b":"110865.50","B":"21.079","a":"110865.60","A":"4.669","T":1757096856669,"E":1757096856669}
{"e":"bookTicker","u":8522541623179,"s":"BTCUSDT","b":"110865.50","B":"21.085","a":"110865.60","A":"4.669","T":1757096856669,"E":1757096856669}
{"e":"bookTicker","u":8522541623380,"s":"BTCUSDT","b":"110865.50","B":"21.085","a":"110865.60","A":"4.672","T":1757096856670,"E":1757096856670}
{"e":"bookTicker","u":8522541623498,"s":"BTCUSDT","b":"110865.50","B":"21.085","a":"110865.60","A":"4.122","T":1757096856670,"E":1757096856671}
{"e":"bookTicker","u":8522541623633,"s":"BTCUSDT","b":"110865.50","B":"21.085","a":"110865.60","A":"3.917","T":1757096856671,"E":1757096856671}
{"e":"bookTicker","u":8522541623671,"s":"BTCUSDT","b":"110865.50","B":"21.085","a":"110865.60","A":"3.630","T":1757096856671,"E":1757096856671}
{"e":"bookTicker","u":8522541623679,"s":"BTCUSDT","b":"110865.50","B":"21.085","a":"110865.60","A":"3.394","T":1757096856671,"E":1757096856671}
{"e":"bookTicker","u":8522541624684,"s":"BTCUSDT","b":"110865.50","B":"21.085","a":"110865.60","A":"3.630","T":1757096856675,"E":1757096856675}
{"e":"bookTicker","u":8522541625116,"s":"BTCUSDT","b":"110865.50","B":"21.085","a":"110865.60","A":"3.628","T":1757096856676,"E":1757096856677}
{"e":"bookTicker","u":8522541625147,"s":"BTCUSDT","b":"110865.50","B":"21.085","a":"110865.60","A":"3.630","T":1757096856677,"E":1757096856677}
{"e":"bookTicker","u":8522541627148,"s":"BTCUSDT","b":"110865.50","B":"21.085","a":"110865.60","A":"3.627","T":1757096856684,"E":1757096856684}
{"e":"bookTicker","u":8522541627230,"s":"BTCUSDT","b":"110865.50","B":"21.085","a":"110865.60","A":"3.620","T":1757096856685,"E":1757096856685}
{"e":"bookTicker","u":8522541627526,"s":"BTCUSDT","b":"110865.50","B":"21.085","a":"110865.60","A":"3.618","T":1757096856686,"E":1757096856686}
{"e":"bookTicker","u":8522541627554,"s":"BTCUSDT","b":"110865.50","B":"21.085","a":"110865.60","A":"3.620","T":1757096856686,"E":1757096856687}
{"e":"bookTicker","u":8522541629737,"s":"BTCUSDT","b":"110865.50","B":"21.086","a":"110865.60","A":"3.620","T":1757096856702,"E":1757096856702}
{"e":"bookTicker","u":8522541630229,"s":"BTCUSDT","b":"110865.50","B":"21.109","a":"110865.60","A":"3.620","T":1757096856704,"E":1757096856704}
{"e":"bookTicker","u":8522541630461,"s":"BTCUSDT","b":"110865.50","B":"21.114","a":"110865.60","A":"3.620","T":1757096856705,"E":1757096856705}
{"e":"bookTicker","u":8522541630562,"s":"BTCUSDT","b":"110865.50","B":"21.116","a":"110865.60","A":"3.620","T":1757096856705,"E":1757096856706}
{"e":"bookTicker","u":8522541630670,"s":"BTCUSDT","b":"110865.50","B":"21.116","a":"110865.60","A":"3.622","T":1757096856706,"E":1757096856706}
{"e":"bookTicker","u":8522541631111,"s":"BTCUSDT","b":"110865.50","B":"21.116","a":"110865.60","A":"3.827","T":1757096856709,"E":1757096856709}
{"e":"bookTicker","u":8522541631128,"s":"BTCUSDT","b":"110865.50","B":"21.116","a":"110865.60","A":"3.828","T":1757096856709,"E":1757096856709}
{"e":"bookTicker","u":8522541631235,"s":"BTCUSDT","b":"110865.50","B":"21.117","a":"110865.60","A":"3.828","T":1757096856709,"E":1757096856709}
{"e":"bookTicker","u":8522541631556,"s":"BTCUSDT","b":"110865.50","B":"21.117","a":"110865.60","A":"3.827","T":1757096856710,"E":1757096856711}
{"e":"bookTicker","u":8522541631612,"s":"BTCUSDT","b":"110865.50","B":"21.116","a":"110865.60","A":"3.827","T":1757096856711,"E":1757096856711}
{"e":"bookTicker","u":8522541631627,"s":"BTCUSDT","b":"110865.50","B":"21.116","a":"110865.60","A":"3.825","T":1757096856711,"E":1757096856711}
{"e":"bookTicker","u":8522541631665,"s":"BTCUSDT","b":"110865.50","B":"21.116","a":"110865.60","A":"3.827","T":1757096856711,"E":1757096856711}
{"e":"bookTicker","u":8522541632918,"s":"BTCUSDT","b":"110865.50","B":"21.116","a":"110865.60","A":"4.114","T":1757096856720,"E":1757096856720}
{"e":"bookTicker","u":8522541633237,"s":"BTCUSDT","b":"110865.50","B":"21.116","a":"110865.60","A":"4.112","T":1757096856722,"E":1757096856722}
{"e":"bookTicker","u":8522541633250,"s":"BTCUSDT","b":"110865.50","B":"21.473","a":"110865.60","A":"4.112","T":1757096856722,"E":1757096856722}
{"e":"bookTicker","u":8522541633288,"s":"BTCUSDT","b":"110865.50","B":"21.473","a":"110865.60","A":"4.114","T":1757096856722,"E":1757096856722}
{"e":"bookTicker","u":8522541633544,"s":"BTCUSDT","b":"110865.50","B":"21.467","a":"110865.60","A":"4.114","T":1757096856724,"E":1757096856724}
{"e":"bookTicker","u":8522541633560,"s":"BTCUSDT","b":"110865.50","B":"21.473","a":"110865.60","A":"4.114","T":1757096856724,"E":1757096856724}
{"e":"bookTicker","u":8522541634069,"s":"BTCUSDT","b":"110865.50","B":"21.473","a":"110865.60","A":"4.113","T":1757096856729,"E":1757096856729}
{"e":"bookTicker","u":8522541634242,"s":"BTCUSDT","b":"110865.50","B":"21.473","a":"110865.60","A":"4.111","T":1757096856731,"E":1757096856731}
{"e":"bookTicker","u":8522541634280,"s":"BTCUSDT","b":"110865.50","B":"21.473","a":"110865.60","A":"3.824","T":1757096856731,"E":1757096856731}
{"e":"bookTicker","u":8522541634287,"s":"BTCUSDT","b":"110865.50","B":"21.473","a":"110865.60","A":"3.826","T":1757096856731,"E":1757096856731}
{"e":"bookTicker","u":8522541634292,"s":"BTCUSDT","b":"110865.50","B":"21.473","a":"110865.60","A":"3.621","T":1757096856731,"E":1757096856731}
{"e":"bookTicker","u":8522541634524,"s":"BTCUSDT","b":"110865.50","B":"21.573","a":"110865.60","A":"3.621","T":1757096856733,"E":1757096856733}
{"e":"bookTicker","u":8522541634588,"s":"BTCUSDT","b":"110865.50","B":"21.573","a":"110865.60","A":"3.622","T":1757096856734,"E":1757096856734}
{"e":"bookTicker","u":8522541636897,"s":"BTCUSDT","b":"110865.50","B":"21.904","a":"110865.60","A":"3.622","T":1757096856755,"E":1757096856756}
{"e":"bookTicker","u":8522541637055,"s":"BTCUSDT","b":"110865.50","B":"21.898","a":"110865.60","A":"3.622","T":1757096856757,"E":1757096856757}
{"e":"bookTicker","u":8522541637116,"s":"BTCUSDT","b":"110865.50","B":"21.904","a":"110865.60","A":"3.622","T":1757096856757,"E":1757096856758}
{"e":"bookTicker","u":8522541637230,"s":"BTCUSDT","b":"110865.50","B":"21.904","a":"110865.60","A":"3.623","T":1757096856759,"E":1757096856759}
{"e":"bookTicker","u":8522541637239,"s":"BTCUSDT","b":"110865.50","B":"21.905","a":"110865.60","A":"3.623","T":1757096856759,"E":1757096856759}
{"e":"bookTicker","u":8522541637250,"s":"BTCUSDT","b":"110865.50","B":"21.906","a":"110865.60","A":"3.623","T":1757096856759,"E":1757096856759}
{"e":"bookTicker","u":8522541637304,"s":"BTCUSDT","b":"110865.50","B":"21.906","a":"110865.60","A":"3.387","T":1757096856760,"E":1757096856760}
{"e":"bookTicker","u":8522541637334,"s":"BTCUSDT","b":"110865.50","B":"21.906","a":"110865.60","A":"3.386","T":1757096856760,"E":1757096856760}
{"e":"bookTicker","u":8522541637403,"s":"BTCUSDT","b":"110865.50","B":"21.905","a":"110865.60","A":"3.386","T":1757096856760,"E":1757096856760}
{"e":"bookTicker","u":8522541638878,"s":"BTCUSDT","b":"110865.50","B":"21.905","a":"110865.60","A":"3.080","T":1757096856772,"E":1757096856772}
{"e":"bookTicker","u":8522541638889,"s":"BTCUSDT","b":"110865.50","B":"21.905","a":"110865.60","A":"1.466","T":1757096856772,"E":1757096856772}
{"e":"bookTicker","u":8522541639142,"s":"BTCUSDT","b":"110865.50","B":"21.899","a":"110865.60","A":"1.466","T":1757096856774,"E":1757096856774}
{"e":"bookTicker","u":8522541639179,"s":"BTCUSDT","b":"110865.50","B":"21.905","a":"110865.60","A":"1.466","T":1757096856774,"E":1757096856774}
{"e":"bookTicker","u":8522541639185,"s":"BTCUSDT","b":"110865.50","B":"21.905","a":"110865.60","A":"0.842","T":1757096856774,"E":1757096856774}
{"e":"bookTicker","u":8522541639198,"s":"BTCUSDT","b":"110865.50","B":"21.905","a":"110865.60","A":"0.843","T":1757096856774,"E":1757096856774}
{"e":"bookTicker","u":8522541639213,"s":"BTCUSDT","b":"110865.50","B":"22.586","a":"110865.60","A":"0.843","T":1757096856774,"E":1757096856775}
{"e":"bookTicker","u":8522541639337,"s":"BTCUSDT","b":"110865.50","B":"22.586","a":"110865.60","A":"0.735","T":1757096856776,"E":1757096856776}
{"e":"bookTicker","u":8522541639338,"s":"BTCUSDT","b":"110865.50","B":"22.586","a":"110865.60","A":"0.017","T":1757096856776,"E":1757096856776}
{"e":"bookTicker","u":8522541639390,"s":"BTCUSDT","b":"110865.50","B":"22.586","a":"110865.60","A":"0.015","T":1757096856776,"E":1757096856776}
{"e":"bookTicker","u":8522541639679,"s":"BTCUSDT","b":"110865.50","B":"22.587","a":"110865.60","A":"0.015","T":1757096856777,"E":1757096856777}
{"e":"bookTicker","u":8522541639823,"s":"BTCUSDT","b":"110865.50","B":"22.687","a":"110865.60","A":"0.015","T":1757096856778,"E":1757096856778}
{"e":"bookTicker","u":8522541639833,"s":"BTCUSDT","b":"110865.50","B":"22.787","a":"110865.60","A":"0.015","T":1757096856778,"E":1757096856778}
{"e":"bookTicker","u":8522541639834,"s":"BTCUSDT","b":"110865.50","B":"22.887","a":"110865.60","A":"0.015","T":1757096856778,"E":1757096856778}
{"e":"bookTicker","u":8522541639867,"s":"BTCUSDT","b":"110865.50","B":"22.987","a":"110865.60","A":"0.015","T":1757096856778,"E":1757096856778}
{"e":"bookTicker","u":8522541639917,"s":"BTCUSDT","b":"110865.50","B":"23.087","a":"110867.00","A":"0.030","T":1757096856778,"E":1757096856779}
{"e":"bookTicker","u":8522541639928,"s":"BTCUSDT","b":"110865.60","B":"0.531","a":"110867.00","A":"0.030","T":1757096856778,"E":1757096856779}
{"e":"bookTicker","u":8522541639929,"s":"BTCUSDT","b":"110866.80","B":"0.531","a":"110867.00","A":"0.030","T":1757096856778,"E":1757096856779}
{"e":"bookTicker","u":8522541639933,"s":"BTCUSDT","b":"110866.80","B":"0.631","a":"110867.00","A":"0.030","T":1757096856778,"E":1757096856779}
{"e":"bookTicker","u":8522541639949,"s":"BTCUSDT","b":"110866.80","B":"0.731","a":"110867.00","A":"0.030","T":1757096856778,"E":1757096856779}
{"e":"bookTicker","u":8522541639960,"s":"BTCUSDT","b":"110866.80","B":"1.416","a":"110867.00","A":"0.030","T":1757096856778,"E":1757096856779}
{"e":"bookTicker","u":8522541639982,"s":"BTCUSDT","b":"110866.80","B":"1.417","a":"110867.00","A":"0.030","T":1757096856778,"E":1757096856779}
{"e":"bookTicker","u":8522541639983,"s":"BTCUSDT","b":"110866.80","B":"1.517","a":"110867.00","A":"0.030","T":1757096856778,"E":1757096856779}
{"e":"bookTicker","u":8522541640002,"s":"BTCUSDT","b":"110866.90","B":"0.531","a":"110867.00","A":"0.030","T":1757096856779,"E":1757096856779}
{"e":"bookTicker","u":8522541640016,"s":"BTCUSDT","b":"110866.90","B":"0.631","a":"110867.00","A":"0.030","T":1757096856779,"E":1757096856779}
{"e":"bookTicker","u":8522541640024,"s":"BTCUSDT","b":"110866.90","B":"2.243","a":"110867.00","A":"0.030","T":1757096856779,"E":1757096856779}
{"e":"bookTicker","u":8522541640028,"s":"BTCUSDT","b":"110866.90","B":"3.037","a":"110867.00","A":"0.030","T":1757096856779,"E":1757096856779}
{"e":"bookTicker","u":8522541640032,"s":"BTCUSDT","b":"110866.90","B":"3.909","a":"110867.00","A":"0.030","T":1757096856779,"E":1757096856779}
{"e":"bookTicker","u":8522541640048,"s":"BTCUSDT","b":"110866.90","B":"4.702","a":"110867.00","A":"0.030","T":1757096856779,"E":1757096856779}
{"e":"bookTicker","u":8522541640065,"s":"BTCUSDT","b":"110866.90","B":"4.703","a":"110867.00","A":"0.030","T":1757096856779,"E":1757096856779}
{"e":"bookTicker","u":8522541640068,"s":"BTCUSDT","b":"110866.90","B":"5.323","a":"110867.00","A":"0.030","T":1757096856779,"E":1757096856779}
{"e":"bookTicker","u":8522541640069,"s":"BTCUSDT","b":"110866.90","B":"5.325","a":"110867.00","A":"0.030","T":1757096856779,"E":1757096856779}
{"e":"bookTicker","u":8522541640087,"s":"BTCUSDT","b":"110866.90","B":"5.425","a":"110867.00","A":"0.030","T":1757096856779,"E":1757096856779}
{"e":"bookTicker","u":8522541640092,"s":"BTCUSDT","b":"110866.90","B":"5.525","a":"110867.00","A":"0.030","T":1757096856779,"E":1757096856779}
{"e":"bookTicker","u":8522541640106,"s":"BTCUSDT","b":"110866.90","B":"6.427","a":"110867.00","A":"0.030","T":1757096856779,"E":1757096856779}
{"e":"bookTicker","u":8522541640109,"s":"BTCUSDT","b":"110866.90","B":"6.527","a":"110867.00","A":"0.030","T":1757096856779,"E":1757096856779}
{"e":"bookTicker","u":8522541640111,"s":"BTCUSDT","b":"110866.90","B":"7.208","a":"110867.00","A":"0.030","T":1757096856779,"E":1757096856779}
{"e":"bookTicker","u":8522541640119,"s":"BTCUSDT","b":"110866.90","B":"7.308","a":"110867.00","A":"0.030","T":1757096856779,"E":1757096856779}
{"e":"bookTicker","u":8522541640135,"s":"BTCUSDT","b":"110866.90","B":"7.408","a":"110867.00","A":"0.030","T":1757096856779,"E":1757096856779}
{"e":"bookTicker","u":8522541640139,"s":"BTCUSDT","b":"110866.90","B":"7.508","a":"110867.00","A":"0.030","T":1757096856779,"E":1757096856779}
{"e":"bookTicker","u":8522541640148,"s":"BTCUSDT","b":"110866.90","B":"7.608","a":"110867.00","A":"0.030","T":1757096856779,"E":1757096856779}
{"e":"bookTicker","u":8522541640149,"s":"BTCUSDT","b":"110866.90","B":"8.720","a":"110867.00","A":"0.030","T":1757096856779,"E":1757096856779}
{"e":"bookTicker","u":8522541640162,"s":"BTCUSDT","b":"110866.90","B":"8.820","a":"110867.00","A":"0.030","T":1757096856779,"E":1757096856779}
{"e":"bookTicker","u":8522541640175,"s":"BTCUSDT","b":"110866.90","B":"8.857","a":"110867.00","A":"0.030","T":1757096856779,"E":1757096856779}
{"e":"bookTicker","u":8522541640176,"s":"BTCUSDT","b":"110866.90","B":"9.156","a":"110867.00","A":"0.030","T":1757096856779,"E":1757096856779}
{"e":"bookTicker","u":8522541640215,"s":"BTCUSDT","b":"110866.90","B":"9.949","a":"110867.00","A":"0.030","T":1757096856779,"E":1757096856780}
{"e":"bookTicker","u":8522541640216,"s":"BTCUSDT","b":"110866.90","B":"9.950","a":"110867.00","A":"0.030","T":1757096856779,"E":1757096856780}
{"e":"bookTicker","u":8522541640258,"s":"BTCUSDT","b":"110866.90","B":"11.062","a":"110867.00","A":"0.030","T":1757096856779,"E":1757096856780}
{"e":"bookTicker","u":8522541640275,"s":"BTCUSDT","b":"110866.90","B":"11.856","a":"110867.00","A":"0.030","T":1757096856780,"E":1757096856780}
{"e":"bookTicker","u":8522541640344,"s":"BTCUSDT","b":"110866.90","B":"11.876","a":"110867.00","A":"0.030","T":1757096856780,"E":1757096856780}
{"e":"bookTicker","u":8522541640348,"s":"BTCUSDT","b":"110866.90","B":"11.976","a":"110867.00","A":"0.030","T":1757096856780,"E":1757096856780}
{"e":"bookTicker","u":8522541640368,"s":"BTCUSDT","b":"110866.90","B":"12.662","a":"110867.00","A":"0.030","T":1757096856780,"E":1757096856780}
{"e":"bookTicker","u":8522541640391,"s":"BTCUSDT","b":"110866.90","B":"13.282","a":"110867.00","A":"0.030","T":1757096856780,"E":1757096856780}
{"e":"bookTicker","u":8522541640396,"s":"BTCUSDT","b":"110866.90","B":"13.315","a":"110867.00","A":"0.030","T":1757096856780,"E":1757096856780}
{"e":"bookTicker","u":8522541640397,"s":"BTCUSDT","b":"110866.90","B":"13.415","a":"110867.00","A":"0.030","T":1757096856780,"E":1757096856780}
{"e":"bookTicker","u":8522541640405,"s":"BTCUSDT","b":"110866.90","B":"13.515","a":"110867.00","A":"0.030","T":1757096856780,"E":1757096856780}
{"e":"bookTicker","u":8522541640406,"s":"BTCUSDT","b":"110866.90","B":"13.615","a":"110867.00","A":"0.030","T":1757096856780,"E":1757096856780}
{"e":"bookTicker","u":8522541640407,"s":"BTCUSDT","b":"110866.90","B":"13.715","a":"110867.00","A":"0.030","T":1757096856780,"E":1757096856780}
{"e":"bookTicker","u":8522541640409,"s":"BTCUSDT","b":"110866.90","B":"13.615","a":"110867.00","A":"0.030","T":1757096856780,"E":1757096856780}
{"e":"bookTicker","u":8522541640432,"s":"BTCUSDT","b":"110866.90","B":"14.235","a":"110867.00","A":"0.030","T":1757096856780,"E":1757096856780}
{"e":"bookTicker","u":8522541640440,"s":"BTCUSDT","b":"110866.90","B":"14.855","a":"110867.00","A":"0.030","T":1757096856780,"E":1757096856780}
{"e":"bookTicker","u":8522541640447,"s":"BTCUSDT","b":"110866.90","B":"15.149","a":"110867.00","A":"0.030","T":1757096856780,"E":1757096856780}
{"e":"bookTicker","u":8522541640455,"s":"BTCUSDT","b":"110866.90","B":"15.182","a":"110867.00","A":"0.030","T":1757096856780,"E":1757096856780}
{"e":"bookTicker","u":8522541640462,"s":"BTCUSDT","b":"110866.90","B":"15.082","a":"110867.00","A":"0.030","T":1757096856780,"E":1757096856780}
{"e":"bookTicker","u":8522541640467,"s":"BTCUSDT","b":"110866.90","B":"14.982","a":"110867.00","A":"0.030","T":1757096856780,"E":1757096856781}
{"e":"bookTicker","u":8522541640476,"s":"BTCUSDT","b":"110866.90","B":"15.625","a":"110867.00","A":"0.030","T":1757096856780,"E":1757096856781}
{"e":"bookTicker","u":8522541640492,"s":"BTCUSDT","b":"110866.90","B":"15.525","a":"110867.00","A":"0.030","T":1757096856780,"E":1757096856781}
{"e":"bookTicker","u":8522541640510,"s":"BTCUSDT","b":"110866.90","B":"15.425","a":"110867.00","A":"0.030","T":1757096856780,"E":1757096856781}
{"e":"bookTicker","u":8522541640522,"s":"BTCUSDT","b":"110866.90","B":"15.325","a":"110867.00","A":"0.030","T":1757096856780,"E":1757096856781}
{"e":"bookTicker","u":8522541640591,"s":"BTCUSDT","b":"110866.90","B":"15.977","a":"110867.00","A":"0.030","T":1757096856780,"E":1757096856781}
{"e":"bookTicker","u":8522541640596,"s":"BTCUSDT","b":"110866.90","B":"16.849","a":"110867.00","A":"0.030","T":1757096856781,"E":1757096856781}
{"e":"bookTicker","u":8522541640611,"s":"BTCUSDT","b":"110866.90","B":"17.479","a":"110867.00","A":"0.030","T":1757096856781,"E":1757096856781}
{"e":"bookTicker","u":8522541640623,"s":"BTCUSDT","b":"110866.90","B":"18.099","a":"110867.00","A":"0.030","T":1757096856781,"E":1757096856781}
{"e":"bookTicker","u":8522541640677,"s":"BTCUSDT","b":"110866.90","B":"18.217","a":"110867.00","A":"0.030","T":1757096856781,"E":1757096856781}
{"e":"bookTicker","u":8522541640720,"s":"BTCUSDT","b":"110866.90","B":"19.011","a":"110867.00","A":"0.030","T":1757096856781,"E":1757096856781}
{"e":"bookTicker","u":8522541640729,"s":"BTCUSDT","b":"110866.90","B":"19.012","a":"110867.00","A":"0.030","T":1757096856781,"E":1757096856781}
{"e":"bookTicker","u":8522541640734,"s":"BTCUSDT","b":"110866.90","B":"19.130","a":"110867.00","A":"0.030","T":1757096856781,"E":1757096856781}
{"e":"bookTicker","u":8522541640736,"s":"BTCUSDT","b":"110866.90","B":"19.151","a":"110867.00","A":"0.030","T":1757096856781,"E":1757096856781}
{"e":"bookTicker","u":8522541640758,"s":"BTCUSDT","b":"110866.90","B":"21.042","a":"110867.00","A":"0.030","T":1757096856781,"E":1757096856781}
{"e":"bookTicker","u":8522541640782,"s":"BTCUSDT","b":"110866.90","B":"21.178","a":"110867.00","A":"0.030","T":1757096856781,"E":1757096856781}
{"e":"bookTicker","u":8522541640784,"s":"BTCUSDT","b":"110866.90","B":"21.199","a":"110867.00","A":"0.030","T":1757096856781,"E":1757096856781}
{"e":"bookTicker","u":8522541640793,"s":"BTCUSDT","b":"110866.90","B":"21.220","a":"110867.00","A":"0.030","T":1757096856781,"E":1757096856781}
{"e":"bookTicker","u":8522541640797,"s":"BTCUSDT","b":"110866.90","B":"21.579","a":"110867.00","A":"0.030","T":1757096856781,"E":1757096856781}
{"e":"bookTicker","u":8522541640803,"s":"BTCUSDT","b":"110866.90","B":"21.600","a":"110867.00","A":"0.030","T":1757096856781,"E":1757096856781}
{"e":"bookTicker","u":8522541640804,"s":"BTCUSDT","b":"110866.90","B":"21.735","a":"110867.00","A":"0.030","T":1757096856781,"E":1757096856781}
{"e":"bookTicker","u":8522541640805,"s":"BTCUSDT","b":"110866.90","B":"21.870","a":"110867.00","A":"0.030","T":1757096856781,"E":1757096856781}
{"e":"bookTicker","u":8522541640807,"s":"BTCUSDT","b":"110866.90","B":"22.005","a":"110867.00","A":"0.030","T":1757096856781,"E":1757096856781}
{"e":"bookTicker","u":8522541640809,"s":"BTCUSDT","b":"110866.90","B":"22.364","a":"110867.00","A":"0.030","T":1757096856781,"E":1757096856781}
{"e":"bookTicker","u":8522541640830,"s":"BTCUSDT","b":"110866.90","B":"21.734","a":"110867.00","A":"0.030","T":1757096856781,"E":1757096856781}
{"e":"bookTicker","u":8522541640838,"s":"BTCUSDT","b":"110866.90","B":"21.852","a":"110867.00","A":"0.030","T":1757096856781,"E":1757096856781}
{"e":"bookTicker","u":8522541640839,"s":"BTCUSDT","b":"110866.90","B":"21.970","a":"110867.00","A":"0.030","T":1757096856781,"E":1757096856781}
{"e":"bookTicker","u":8522541640840,"s":"BTCUSDT","b":"110866.90","B":"22.088","a":"110867.00","A":"0.030","T":1757096856781,"E":1757096856781}
{"e":"bookTicker","u":8522541640845,"s":"BTCUSDT","b":"110866.90","B":"22.206","a":"110867.00","A":"0.030","T":1757096856781,"E":1757096856781}
{"e":"bookTicker","u":8522541640846,"s":"BTCUSDT","b":"110866.90","B":"22.361","a":"110867.00","A":"0.030","T":1757096856781,"E":1757096856781}
{"e":"bookTicker","u":8522541640851,"s":"BTCUSDT","b":"110866.90","B":"22.655","a":"110867.00","A":"0.030","T":1757096856781,"E":1757096856781}
{"e":"bookTicker","u":8522541640853,"s":"BTCUSDT","b":"110866.90","B":"22.773","a":"110867.00","A":"0.030","T":1757096856781,"E":1757096856781}
{"e":"bookTicker","u":8522541640854,"s":"BTCUSDT","b":"110866.90","B":"23.132","a":"110867.00","A":"0.030","T":1757096856781,"E":1757096856781}
{"e":"bookTicker","u":8522541640861,"s":"BTCUSDT","b":"110866.90","B":"23.132","a":"110867.00","A":"0.379","T":1757096856781,"E":1757096856781}
{"e":"bookTicker","u":8522541640870,"s":"BTCUSDT","b":"110866.90","B":"23.182","a":"110867.00","A":"0.379","T":1757096856781,"E":1757096856781}
{"e":"bookTicker","u":8522541640873,"s":"BTCUSDT","b":"110866.90","B":"23.282","a":"110867.00","A":"0.379","T":1757096856781,"E":1757096856781}
{"e":"bookTicker","u":8522541640874,"s":"BTCUSDT","b":"110866.90","B":"22.639","a":"110867.00","A":"0.379","T":1757096856781,"E":1757096856781}
{"e":"bookTicker","u":8522541640880,"s":"BTCUSDT","b":"110866.90","B":"22.648","a":"110867.00","A":"0.379","T":1757096856781,"E":1757096856781}
{"e":"bookTicker","u":8522541640882,"s":"BTCUSDT","b":"110866.90","B":"23.007","a":"110867.00","A":"0.379","T":1757096856781,"E":1757096856781}
{"e":"bookTicker","u":8522541640884,"s":"BTCUSDT","b":"110866.90","B":"23.366","a":"110867.00","A":"0.379","T":1757096856781,"E":1757096856781}
{"e":"bookTicker","u":8522541640899,"s":"BTCUSDT","b":"110866.90","B":"23.725","a":"110867.00","A":"0.379","T":1757096856781,"E":1757096856781}
{"e":"bookTicker","u":8522541640900,"s":"BTCUSDT","b":"110866.90","B":"23.725","a":"110867.00","A":"0.944","T":1757096856781,"E":1757096856781}
{"e":"bookTicker","u":8522541640928,"s":"BTCUSDT","b":"110866.90","B":"24.084","a":"110867.00","A":"0.944","T":1757096856781,"E":1757096856781}
{"e":"bookTicker","u":8522541640933,"s":"BTCUSDT","b":"110866.90","B":"24.202","a":"110867.00","A":"0.944","T":1757096856781,"E":1757096856781}
{"e":"bookTicker","u":8522541640941,"s":"BTCUSDT","b":"110866.90","B":"24.223","a":"110867.00","A":"0.944","T":1757096856781,"E":1757096856781}
{"e":"bookTicker","u":8522541640966,"s":"BTCUSDT","b":"110866.90","B":"24.582","a":"110867.00","A":"0.944","T":1757096856781,"E":1757096856781}
{"e":"bookTicker","u":8522541640970,"s":"BTCUSDT","b":"110866.90","B":"24.700","a":"110867.00","A":"0.944","T":1757096856781,"E":1757096856781}
{"e":"bookTicker","u":8522541640986,"s":"BTCUSDT","b":"110866.90","B":"24.700","a":"110867.00","A":"0.883","T":1757096856781,"E":1757096856782}
{"e":"bookTicker","u":8522541640994,"s":"BTCUSDT","b":"110866.90","B":"25.059","a":"110867.00","A":"0.883","T":1757096856781,"E":1757096856782}
{"e":"bookTicker","u":8522541641000,"s":"BTCUSDT","b":"110866.90","B":"25.473","a":"110867.00","A":"0.883","T":1757096856781,"E":1757096856782}
{"e":"bookTicker","u":8522541641003,"s":"BTCUSDT","b":"110866.90","B":"25.591","a":"110867.00","A":"0.883","T":1757096856781,"E":1757096856782}
{"e":"bookTicker","u":8522541641032,"s":"BTCUSDT","b":"110866.90","B":"25.889","a":"110867.00","A":"0.883","T":1757096856781,"E":1757096856782}
{"e":"bookTicker","u":8522541641039,"s":"BTCUSDT","b":"110866.90","B":"26.239","a":"110867.00","A":"0.883","T":1757096856781,"E":1757096856782}
{"e":"bookTicker","u":8522541641043,"s":"BTCUSDT","b":"110866.90","B":"26.598","a":"110867.00","A":"0.883","T":1757096856781,"E":1757096856782}
{"e":"bookTicker","u":8522541641062,"s":"BTCUSDT","b":"110866.90","B":"26.597","a":"110867.00","A":"0.883","T":1757096856781,"E":1757096856782}
{"e":"bookTicker","u":8522541641102,"s":"BTCUSDT","b":"110866.90","B":"26.597","a":"110867.00","A":"1.601","T":1757096856781,"E":1757096856782}
{"e":"bookTicker","u":8522541641128,"s":"BTCUSDT","b":"110866.90","B":"26.599","a":"110867.00","A":"1.601","T":1757096856781,"E":1757096856782}
{"e":"bookTicker","u":8522541641142,"s":"BTCUSDT","b":"110866.90","B":"26.598","a":"110867.00","A":"1.601","T":1757096856782,"E":1757096856782}
{"e":"bookTicker","u":8522541641146,"s":"BTCUSDT","b":"110866.90","B":"28.212","a":"110867.00","A":"1.601","T":1757096856782,"E":1757096856782}
{"e":"bookTicker","u":8522541641161,"s":"BTCUSDT","b":"110866.90","B":"28.312","a":"110867.00","A":"1.601","T":1757096856782,"E":1757096856782}
{"e":"bookTicker","u":8522541641163,"s":"BTCUSDT","b":"110866.90","B":"28.353","a":"110867.00","A":"1.601","T":1757096856782,"E":1757096856782}
{"e":"bookTicker","u":8522541641165,"s":"BTCUSDT","b":"110866.90","B":"28.354","a":"110867.00","A":"1.601","T":1757096856782,"E":1757096856782}
{"e":"bookTicker","u":8522541641167,"s":"BTCUSDT","b":"110866.90","B":"28.354","a":"110867.00","A":"2.135","T":1757096856782,"E":1757096856782}
{"e":"bookTicker","u":8522541641169,"s":"BTCUSDT","b":"110866.90","B":"28.362","a":"110867.00","A":"2.135","T":1757096856782,"E":1757096856782}
{"e":"bookTicker","u":8522541641172,"s":"BTCUSDT","b":"110866.90","B":"28.682","a":"110867.00","A":"2.135","T":1757096856782,"E":1757096856782}
{"e":"bookTicker","u":8522541641173,"s":"BTCUSDT","b":"110866.90","B":"28.768","a":"110867.00","A":"2.135","T":1757096856782,"E":1757096856782}
{"e":"bookTicker","u":8522541641179,"s":"BTCUSDT","b":"110866.90","B":"29.453","a":"110867.00","A":"2.135","T":1757096856782,"E":1757096856782}
{"e":"bookTicker","u":8522541641193,"s":"BTCUSDT","b":"110866.90","B":"29.454","a":"110867.00","A":"2.135","T":1757096856782,"E":1757096856782}
{"e":"bookTicker","u":8522541641245,"s":"BTCUSDT","b":"110866.90","B":"29.494","a":"110867.00","A":"2.135","T":1757096856782,"E":1757096856782}
{"e":"bookTicker","u":8522541641272,"s":"BTCUSDT","b":"110866.90","B":"29.496","a":"110867.00","A":"2.135","T":1757096856782,"E":1757096856782}
{"e":"bookTicker","u":8522541641274,"s":"BTCUSDT","b":"110866.90","B":"29.496","a":"110867.00","A":"2.136","T":1757096856782,"E":1757096856782}
{"e":"bookTicker","u":8522541641279,"s":"BTCUSDT","b":"110866.90","B":"28.384","a":"110867.00","A":"2.136","T":1757096856782,"E":1757096856782}
{"e":"bookTicker","u":8522541641281,"s":"BTCUSDT","b":"110866.90","B":"29.142","a":"110867.00","A":"2.136","T":1757096856782,"E":1757096856782}
{"e":"bookTicker","u":8522541641282,"s":"BTCUSDT","b":"110866.90","B":"29.142","a":"110867.00","A":"2.656","T":1757096856782,"E":1757096856782}
{"e":"bookTicker","u":8522541641285,"s":"BTCUSDT","b":"110866.90","B":"29.460","a":"110867.00","A":"2.656","T":1757096856782,"E":1757096856782}
{"e":"bookTicker","u":8522541641286,"s":"BTCUSDT","b":"110866.90","B":"30.244","a":"110867.00","A":"2.656","T":1757096856782,"E":1757096856782}
{"e":"bookTicker","u":8522541641296,"s":"BTCUSDT","b":"110866.90","B":"30.776","a":"110867.00","A":"2.656","T":1757096856782,"E":1757096856782}
{"e":"bookTicker","u":8522541641304,"s":"BTCUSDT","b":"110866.90","B":"30.876","a":"110867.00","A":"2.656","T":1757096856782,"E":1757096856782}
{"e":"bookTicker","u":8522541641312,"s":"BTCUSDT","b":"110866.90","B":"30.883","a":"110867.00","A":"2.656","T":1757096856782,"E":1757096856782}
{"e":"bookTicker","u":8522541641332,"s":"BTCUSDT","b":"110866.90","B":"30.883","a":"110867.00","A":"2.091","T":1757096856782,"E":1757096856782}
{"e":"bookTicker","u":8522541641334,"s":"BTCUSDT","b":"110866.90","B":"30.885","a":"110867.00","A":"2.091","T":1757096856782,"E":1757096856782}
{"e":"bookTicker","u":8522541641337,"s":"BTCUSDT","b":"110866.90","B":"30.928","a":"110867.00","A":"2.091","T":1757096856782,"E":1757096856782}
{"e":"bookTicker","u":8522541641339,"s":"BTCUSDT","b":"110866.90","B":"31.018","a":"110867.00","A":"2.091","T":1757096856782,"E":1757096856782}
{"e":"bookTicker","u":8522541641346,"s":"BTCUSDT","b":"110866.90","B":"31.333","a":"110867.00","A":"2.091","T":1757096856782,"E":1757096856782}
{"e":"bookTicker","u":8522541641347,"s":"BTCUSDT","b":"110866.90","B":"31.434","a":"110867.00","A":"2.091","T":1757096856782,"E":1757096856782}
{"e":"bookTicker","u":8522541641349,"s":"BTCUSDT","b":"110866.90","B":"31.434","a":"110867.00","A":"2.624","T":1757096856782,"E":1757096856782}
{"e":"bookTicker","u":8522541641361,"s":"BTCUSDT","b":"110866.90","B":"31.921","a":"110867.00","A":"2.624","T":1757096856782,"E":1757096856782}
{"e":"bookTicker","u":8522541641368,"s":"BTCUSDT","b":"110866.90","B":"31.923","a":"110867.00","A":"2.624","T":1757096856782,"E":1757096856782}
{"e":"bookTicker","u":8522541641375,"s":"BTCUSDT","b":"110866.90","B":"32.023","a":"110867.00","A":"2.624","T":1757096856782,"E":1757096856782}
{"e":"bookTicker","u":8522541641420,"s":"BTCUSDT","b":"110866.90","B":"32.026","a":"110867.00","A":"2.624","T":1757096856782,"E":1757096856782}
{"e":"bookTicker","u":8522541641435,"s":"BTCUSDT","b":"110866.90","B":"33.126","a":"110867.00","A":"2.624","T":1757096856782,"E":1757096856782}
{"e":"bookTicker","u":8522541641441,"s":"BTCUSDT","b":"110866.90","B":"33.220","a":"110867.00","A":"2.624","T":1757096856782,"E":1757096856782}
{"e":"bookTicker","u":8522541641451,"s":"BTCUSDT","b":"110866.90","B":"33.528","a":"110867.00","A":"2.624","T":1757096856782,"E":1757096856782}
{"e":"bookTicker","u":8522541641453,"s":"BTCUSDT","b":"110866.90","B":"33.628","a":"110867.00","A":"2.624","T":1757096856782,"E":1757096856782}
{"e":"bookTicker","u":8522541641471,"s":"BTCUSDT","b":"110866.90","B":"33.628","a":"110867.00","A":"2.091","T":1757096856782,"E":1757096856782}
{"e":"bookTicker","u":8522541641486,"s":"BTCUSDT","b":"110866.90","B":"33.631","a":"110867.00","A":"2.091","T":1757096856782,"E":1757096856783}
{"e":"bookTicker","u":8522541641491,"s":"BTCUSDT","b":"110866.90","B":"33.634","a":"110867.00","A":"2.091","T":1757096856782,"E":1757096856783}
{"e":"bookTicker","u":8522541641501,"s":"BTCUSDT","b":"110866.90","B":"32.982","a":"110867.00","A":"2.091","T":1757096856782,"E":1757096856783}
