{"e":"bookTicker","u":8522540930072,"s":"BTCUSDT","b":"110838.20","B":"13.056","a":"110838.30","A":"6.935","T":1757096849302,"E":1757096849302}
{"e":"bookTicker","u":8522540930079,"s":"BTCUSDT","b":"110838.20","B":"13.057","a":"110838.30","A":"6.935","T":1757096849302,"E":1757096849302}
{"e":"bookTicker","u":8522540930153,"s":"BTCUSDT","b":"110838.20","B":"13.057","a":"110838.30","A":"6.934","T":1757096849304,"E":1757096849304}
{"e":"bookTicker","u":8522540930173,"s":"BTCUSDT","b":"110838.20","B":"13.056","a":"110838.30","A":"6.934","T":1757096849304,"E":1757096849304}
{"e":"bookTicker","u":8522540931932,"s":"BTCUSDT","b":"110838.20","B":"13.056","a":"110838.30","A":"6.935","T":1757096849352,"E":1757096849352}
{"e":"bookTicker","u":8522540931940,"s":"BTCUSDT","b":"110838.20","B":"13.057","a":"110838.30","A":"6.935","T":1757096849352,"E":1757096849352}
{"e":"bookTicker","u":8522540931981,"s":"BTCUSDT","b":"110838.20","B":"13.057","a":"110838.30","A":"6.934","T":1757096849353,"E":1757096849353}
{"e":"bookTicker","u":8522540931999,"s":"BTCUSDT","b":"110838.20","B":"13.056","a":"110838.30","A":"6.934","T":1757096849353,"E":1757096849353}
{"e":"bookTicker","u":8522540932010,"s":"BTCUSDT","b":"110838.20","B":"13.056","a":"110838.30","A":"7.249","T":1757096849353,"E":1757096849353}
{"e":"bookTicker","u":8522540932089,"s":"BTCUSDT","b":"110838.20","B":"13.056","a":"110838.30","A":"7.247","T":1757096849355,"E":1757096849355}
{"e":"bookTicker","u":8522540932104,"s":"BTCUSDT","b":"110838.20","B":"13.056","a":"110838.30","A":"7.249","T":1757096849355,"E":1757096849355}
{"e":"bookTicker","u":8522540932185,"s":"BTCUSDT","b":"110838.20","B":"13.046","a":"110838.30","A":"7.249","T":1757096849357,"E":1757096849357}
{"e":"bookTicker","u":8522540933254,"s":"BTCUSDT","b":"110838.20","B":"13.046","a":"110838.30","A":"7.233","T":1757096849376,"E":1757096849377}
{"e":"bookTicker","u":8522540934152,"s":"BTCUSDT","b":"110838.20","B":"13.046","a":"110838.30","A":"7.213","T":1757096849395,"E":1757096849395}
{"e":"bookTicker","u":8522540934235,"s":"BTCUSDT","b":"110838.20","B":"13.046","a":"110838.30","A":"6.898","T":1757096849398,"E":1757096849398}
{"e":"bookTicker","u":8522540934471,"s":"BTCUSDT","b":"110838.20","B":"13.046","a":"110838.30","A":"6.899","T":1757096849402,"E":1757096849402}
{"e":"bookTicker","u":8522540934538,"s":"BTCUSDT","b":"110838.20","B":"13.047","a":"110838.30","A":"6.899","T":1757096849403,"E":1757096849403}
{"e":"bookTicker","u":8522540934550,"s":"BTCUSDT","b":"110838.20","B":"13.047","a":"110838.30","A":"6.898","T":1757096849403,"E":1757096849403}
{"e":"bookTicker","u":8522540934619,"s":"BTCUSDT","b":"110838.20","B":"13.046","a":"110838.30","A":"6.898","T":1757096849404,"E":1757096849404}
{"e":"bookTicker","u":8522540935070,"s":"BTCUSDT","b":"110838.20","B":"13.273","a":"110838.30","A":"6.898","T":1757096849410,"E":1757096849411}
{"e":"bookTicker","u":8522540935158,"s":"BTCUSDT","b":"110838.20","B":"13.267","a":"110838.30","A":"6.898","T":1757096849412,"E":1757096849412}
{"e":"bookTicker","u":8522540935165,"s":"BTCUSDT","b":"110838.20","B":"13.273","a":"110838.30","A":"6.898","T":1757096849412,"E":1757096849412}
{"e":"bookTicker","u":8522540936846,"s":"BTCUSDT","b":"110838.20","B":"13.273","a":"110838.30","A":"6.899","T":1757096849452,"E":1757096849452}
{"e":"bookTicker","u":8522540936850,"s":"BTCUSDT","b":"110838.20","B":"13.274","a":"110838.30","A":"6.899","T":1757096849452,"E":1757096849452}
{"e":"bookTicker","u":8522540936865,"s":"BTCUSDT","b":"110838.20","B":"13.274","a":"110838.30","A":"6.898","T":1757096849453,"E":1757096849453}
{"e":"bookTicker","u":8522540936870,"s":"BTCUSDT","b":"110838.20","B":"13.268","a":"110838.30","A":"6.898","T":1757096849453,"E":1757096849454}
{"e":"bookTicker","u":8522540936873,"s":"BTCUSDT","b":"110838.20","B":"13.267","a":"110838.30","A":"6.898","T":1757096849453,"E":1757096849454}
{"e":"bookTicker","u":8522540936882,"s":"BTCUSDT","b":"110838.20","B":"13.273","a":"110838.30","A":"6.898","T":1757096849454,"E":1757096849454}
{"e":"bookTicker","u":8522540937220,"s":"BTCUSDT","b":"110838.20","B":"13.224","a":"110838.30","A":"6.898","T":1757096849462,"E":1757096849462}
{"e":"bookTicker","u":8522540937505,"s":"BTCUSDT","b":"110838.20","B":"13.274","a":"110838.30","A":"6.898","T":1757096849467,"E":1757096849467}
{"e":"bookTicker","u":8522540938247,"s":"BTCUSDT","b":"110838.20","B":"13.293","a":"110838.30","A":"6.898","T":1757096849488,"E":1757096849488}
{"e":"bookTicker","u":8522540938889,"s":"BTCUSDT","b":"110838.20","B":"13.293","a":"110838.30","A":"6.899","T":1757096849503,"E":1757096849503}
{"e":"bookTicker","u":8522540938890,"s":"BTCUSDT","b":"110838.20","B":"13.294","a":"110838.30","A":"6.899","T":1757096849503,"E":1757096849503}
{"e":"bookTicker","u":8522540938978,"s":"BTCUSDT","b":"110838.20","B":"13.294","a":"110838.30","A":"6.898","T":1757096849504,"E":1757096849504}
{"e":"bookTicker","u":8522540938994,"s":"BTCUSDT","b":"110838.20","B":"13.293","a":"110838.30","A":"6.898","T":1757096849504,"E":1757096849504}
{"e":"bookTicker","u":8522540939727,"s":"BTCUSDT","b":"110838.20","B":"13.293","a":"110838.30","A":"6.803","T":1757096849527,"E":1757096849527}
{"e":"bookTicker","u":8522540939742,"s":"BTCUSDT","b":"110838.20","B":"13.335","a":"110838.30","A":"6.803","T":1757096849528,"E":1757096849528}
{"e":"bookTicker","u":8522540940416,"s":"BTCUSDT","b":"110838.20","B":"13.336","a":"110838.30","A":"6.803","T":1757096849552,"E":1757096849552}
{"e":"bookTicker","u":8522540940436,"s":"BTCUSDT","b":"110838.20","B":"13.336","a":"110838.30","A":"6.804","T":1757096849552,"E":1757096849552}
{"e":"bookTicker","u":8522540940507,"s":"BTCUSDT","b":"110838.20","B":"13.335","a":"110838.30","A":"6.804","T":1757096849553,"E":1757096849553}
{"e":"bookTicker","u":8522540940535,"s":"BTCUSDT","b":"110838.20","B":"13.335","a":"110838.30","A":"6.803","T":1757096849554,"E":1757096849554}
{"e":"bookTicker","u":8522540940537,"s":"BTCUSDT","b":"110838.20","B":"13.335","a":"110838.30","A":"6.895","T":1757096849554,"E":1757096849554}
{"e":"bookTicker","u":8522540941085,"s":"BTCUSDT","b":"110838.20","B":"13.333","a":"110838.30","A":"6.895","T":1757096849567,"E":1757096849567}
{"e":"bookTicker","u":8522540941547,"s":"BTCUSDT","b":"110838.20","B":"13.333","a":"110838.30","A":"6.815","T":1757096849585,"E":1757096849585}
{"e":"bookTicker","u":8522540942079,"s":"BTCUSDT","b":"110838.20","B":"13.333","a":"110838.30","A":"6.816","T":1757096849603,"E":1757096849603}
{"e":"bookTicker","u":8522540942103,"s":"BTCUSDT","b":"110838.20","B":"13.334","a":"110838.30","A":"6.816","T":1757096849603,"E":1757096849603}
{"e":"bookTicker","u":8522540942212,"s":"BTCUSDT","b":"110838.20","B":"13.334","a":"110838.30","A":"6.815","T":1757096849604,"E":1757096849604}
{"e":"bookTicker","u":8522540942245,"s":"BTCUSDT","b":"110838.20","B":"13.333","a":"110838.30","A":"6.815","T":1757096849605,"E":1757096849605}
{"e":"bookTicker","u":8522540942915,"s":"BTCUSDT","b":"110838.20","B":"13.333","a":"110838.30","A":"6.723","T":1757096849616,"E":1757096849616}
{"e":"bookTicker","u":8522540944048,"s":"BTCUSDT","b":"110838.20","B":"13.333","a":"110838.30","A":"6.806","T":1757096849639,"E":1757096849639}
{"e":"bookTicker","u":8522540944444,"s":"BTCUSDT","b":"110838.20","B":"13.334","a":"110838.30","A":"6.806","T":1757096849652,"E":1757096849652}
{"e":"bookTicker","u":8522540944461,"s":"BTCUSDT","b":"110838.20","B":"13.334","a":"110838.30","A":"6.807","T":1757096849652,"E":1757096849652}
{"e":"bookTicker","u":8522540944526,"s":"BTCUSDT","b":"110838.20","B":"13.333","a":"110838.30","A":"6.807","T":1757096849653,"E":1757096849653}
{"e":"bookTicker","u":8522540944544,"s":"BTCUSDT","b":"110838.20","B":"13.333","a":"110838.30","A":"6.806","T":1757096849654,"E":1757096849654}
{"e":"bookTicker","u":8522540946495,"s":"BTCUSDT","b":"110838.20","B":"13.334","a":"110838.30","A":"6.806","T":1757096849703,"E":1757096849703}
{"e":"bookTicker","u":8522540946502,"s":"BTCUSDT","b":"110838.20","B":"13.334","a":"110838.30","A":"6.807","T":1757096849703,"E":1757096849703}
{"e":"bookTicker","u":8522540946539,"s":"BTCUSDT","b":"110838.20","B":"13.333","a":"110838.30","A":"6.807","T":1757096849704,"E":1757096849704}
{"e":"bookTicker","u":8522540946555,"s":"BTCUSDT","b":"110838.20","B":"13.333","a":"110838.30","A":"6.806","T":1757096849704,"E":1757096849704}
{"e":"bookTicker","u":8522540947230,"s":"BTCUSDT","b":"110838.20","B":"13.333","a":"110838.30","A":"6.767","T":1757096849720,"E":1757096849720}
{"e":"bookTicker","u":8522540947507,"s":"BTCUSDT","b":"110838.20","B":"13.333","a":"110838.30","A":"6.806","T":1757096849727,"E":1757096849727}
{"e":"bookTicker","u":8522540947549,"s":"BTCUSDT","b":"110838.20","B":"13.333","a":"110838.30","A":"6.804","T":1757096849728,"E":1757096849729}
{"e":"bookTicker","u":8522540947555,"s":"BTCUSDT","b":"110838.20","B":"13.333","a":"110838.30","A":"6.806","T":1757096849729,"E":1757096849729}
{"e":"bookTicker","u":8522540947564,"s":"BTCUSDT","b":"110838.20","B":"13.333","a":"110838.30","A":"6.886","T":1757096849729,"E":1757096849729}
{"e":"bookTicker","u":8522540948223,"s":"BTCUSDT","b":"110838.20","B":"13.435","a":"110838.30","A":"6.886","T":1757096849750,"E":1757096849751}
{"e":"bookTicker","u":8522540948277,"s":"BTCUSDT","b":"110838.20","B":"13.429","a":"110838.30","A":"6.886","T":1757096849752,"E":1757096849752}
{"e":"bookTicker","u":8522540948286,"s":"BTCUSDT","b":"110838.20","B":"13.429","a":"110838.30","A":"6.884","T":1757096849752,"E":1757096849752}
{"e":"bookTicker","u":8522540948301,"s":"BTCUSDT","b":"110838.20","B":"13.435","a":"110838.30","A":"6.884","T":1757096849752,"E":1757096849752}
{"e":"bookTicker","u":8522540948307,"s":"BTCUSDT","b":"110838.20","B":"13.436","a":"110838.30","A":"6.884","T":1757096849752,"E":1757096849752}
{"e":"bookTicker","u":8522540948308,"s":"BTCUSDT","b":"110838.20","B":"13.436","a":"110838.30","A":"6.886","T":1757096849752,"E":1757096849752}
{"e":"bookTicker","u":8522540948314,"s":"BTCUSDT","b":"110838.20","B":"13.436","a":"110838.30","A":"6.887","T":1757096849752,"E":1757096849753}
{"e":"bookTicker","u":8522540948363,"s":"BTCUSDT","b":"110838.20","B":"13.435","a":"110838.30","A":"6.887","T":1757096849753,"E":1757096849754}
{"e":"bookTicker","u":8522540948372,"s":"BTCUSDT","b":"110838.20","B":"13.435","a":"110838.30","A":"6.886","T":1757096849754,"E":1757096849754}
{"e":"bookTicker","u":8522540948451,"s":"BTCUSDT","b":"110838.20","B":"13.435","a":"110838.30","A":"6.806","T":1757096849755,"E":1757096849756}
{"e":"bookTicker","u":8522540950120,"s":"BTCUSDT","b":"110838.20","B":"13.436","a":"110838.30","A":"6.806","T":1757096849803,"E":1757096849803}
{"e":"bookTicker","u":8522540950124,"s":"BTCUSDT","b":"110838.20","B":"13.436","a":"110838.30","A":"6.807","T":1757096849803,"E":1757096849803}
{"e":"bookTicker","u":8522540950165,"s":"BTCUSDT","b":"110838.20","B":"13.435","a":"110838.30","A":"6.807","T":1757096849804,"E":1757096849804}
{"e":"bookTicker","u":8522540950171,"s":"BTCUSDT","b":"110838.20","B":"13.435","a":"110838.30","A":"6.806","T":1757096849804,"E":1757096849804}
{"e":"bookTicker","u":8522540950720,"s":"BTCUSDT","b":"110838.20","B":"13.435","a":"110838.30","A":"6.723","T":1757096849819,"E":1757096849819}
{"e":"bookTicker","u":8522540950753,"s":"BTCUSDT","b":"110838.20","B":"13.435","a":"110838.30","A":"6.822","T":1757096849820,"E":1757096849820}
{"e":"bookTicker","u":8522540951848,"s":"BTCUSDT","b":"110838.20","B":"13.436","a":"110838.30","A":"6.822","T":1757096849852,"E":1757096849852}
{"e":"bookTicker","u":8522540951854,"s":"BTCUSDT","b":"110838.20","B":"13.436","a":"110838.30","A":"6.823","T":1757096849852,"E":1757096849853}
{"e":"bookTicker","u":8522540951890,"s":"BTCUSDT","b":"110838.20","B":"13.435","a":"110838.30","A":"6.823","T":1757096849854,"E":1757096849854}
{"e":"bookTicker","u":8522540951893,"s":"BTCUSDT","b":"110838.20","B":"13.435","a":"110838.30","A":"6.822","T":1757096849854,"E":1757096849854}
{"e":"bookTicker","u":8522540952692,"s":"BTCUSDT","b":"110838.20","B":"13.405","a":"110838.30","A":"6.822","T":1757096849876,"E":1757096849876}
{"e":"bookTicker","u":8522540952791,"s":"BTCUSDT","b":"110838.20","B":"13.386","a":"110838.30","A":"6.822","T":1757096849877,"E":1757096849877}
{"e":"bookTicker","u":8522540954022,"s":"BTCUSDT","b":"110838.20","B":"13.386","a":"110838.30","A":"6.823","T":1757096849903,"E":1757096849903}
{"e":"bookTicker","u":8522540954043,"s":"BTCUSDT","b":"110838.20","B":"13.387","a":"110838.30","A":"6.823","T":1757096849903,"E":1757096849903}
{"e":"bookTicker","u":8522540954123,"s":"BTCUSDT","b":"110838.20","B":"13.387","a":"110838.30","A":"6.822","T":1757096849904,"E":1757096849904}
{"e":"bookTicker","u":8522540954144,"s":"BTCUSDT","b":"110838.20","B":"13.386","a":"110838.30","A":"6.822","T":1757096849905,"E":1757096849905}
{"e":"bookTicker","u":8522540955771,"s":"BTCUSDT","b":"110838.20","B":"13.386","a":"110838.30","A":"6.823","T":1757096849952,"E":1757096849952}
{"e":"bookTicker","u":8522540955786,"s":"BTCUSDT","b":"110838.20","B":"13.387","a":"110838.30","A":"6.823","T":1757096849952,"E":1757096849953}
{"e":"bookTicker","u":8522540955813,"s":"BTCUSDT","b":"110838.20","B":"13.387","a":"110838.30","A":"6.822","T":1757096849953,"E":1757096849953}
{"e":"bookTicker","u":8522540955817,"s":"BTCUSDT","b":"110838.20","B":"13.386","a":"110838.30","A":"6.822","T":1757096849953,"E":1757096849954}
{"e":"bookTicker","u":8522540957587,"s":"BTCUSDT","b":"110838.20","B":"13.284","a":"110838.30","A":"6.822","T":1757096849992,"E":1757096849992}
{"e":"bookTicker","u":8522540957696,"s":"BTCUSDT","b":"110838.20","B":"13.284","a":"110838.30","A":"6.823","T":1757096849995,"E":1757096849995}
{"e":"bookTicker","u":8522540958385,"s":"BTCUSDT","b":"110838.20","B":"13.284","a":"110838.30","A":"6.824","T":1757096850003,"E":1757096850003}
{"e":"bookTicker","u":8522540958443,"s":"BTCUSDT","b":"110838.20","B":"13.285","a":"110838.30","A":"6.824","T":1757096850003,"E":1757096850003}
{"e":"bookTicker","u":8522540958652,"s":"BTCUSDT","b":"110838.20","B":"13.285","a":"110838.30","A":"6.823","T":1757096850004,"E":1757096850005}
{"e":"bookTicker","u":8522540958739,"s":"BTCUSDT","b":"110838.20","B":"13.284","a":"110838.30","A":"6.823","T":1757096850005,"E":1757096850005}
{"e":"bookTicker","u":8522540959341,"s":"BTCUSDT","b":"110838.20","B":"13.284","a":"110838.30","A":"6.824","T":1757096850008,"E":1757096850008}
{"e":"bookTicker","u":8522540961803,"s":"BTCUSDT","b":"110838.20","B":"13.303","a":"110838.30","A":"6.824","T":1757096850050,"E":1757096850050}
{"e":"bookTicker","u":8522540961892,"s":"BTCUSDT","b":"110838.20","B":"13.303","a":"110838.30","A":"6.825","T":1757096850053,"E":1757096850053}
{"e":"bookTicker","u":8522540961895,"s":"BTCUSDT","b":"110838.20","B":"13.303","a":"110838.30","A":"6.824","T":1757096850053,"E":1757096850053}
{"e":"bookTicker","u":8522540961905,"s":"BTCUSDT","b":"110838.20","B":"13.304","a":"110838.30","A":"6.824","T":1757096850053,"E":1757096850053}
{"e":"bookTicker","u":8522540961963,"s":"BTCUSDT","b":"110838.20","B":"13.304","a":"110838.30","A":"6.823","T":1757096850054,"E":1757096850054}
{"e":"bookTicker","u":8522540961973,"s":"BTCUSDT","b":"110838.20","B":"13.303","a":"110838.30","A":"6.823","T":1757096850054,"E":1757096850054}
{"e":"bookTicker","u":8522540962021,"s":"BTCUSDT","b":"110838.20","B":"13.303","a":"110838.30","A":"6.903","T":1757096850055,"E":1757096850056}
{"e":"bookTicker","u":8522540962135,"s":"BTCUSDT","b":"110838.20","B":"13.303","a":"110838.30","A":"6.904","T":1757096850058,"E":1757096850058}
{"e":"bookTicker","u":8522540962221,"s":"BTCUSDT","b":"110838.20","B":"13.303","a":"110838.30","A":"7.245","T":1757096850060,"E":1757096850060}
{"e":"bookTicker","u":8522540962287,"s":"BTCUSDT","b":"110838.20","B":"13.303","a":"110838.30","A":"7.243","T":1757096850061,"E":1757096850061}
{"e":"bookTicker","u":8522540962319,"s":"BTCUSDT","b":"110838.20","B":"13.303","a":"110838.30","A":"7.245","T":1757096850062,"E":1757096850062}
{"e":"bookTicker","u":8522540962334,"s":"BTCUSDT","b":"110838.20","B":"13.076","a":"110838.30","A":"7.245","T":1757096850062,"E":1757096850062}
{"e":"bookTicker","u":8522540963169,"s":"BTCUSDT","b":"110838.20","B":"13.076","a":"110838.30","A":"7.247","T":1757096850082,"E":1757096850083}
{"e":"bookTicker","u":8522540963230,"s":"BTCUSDT","b":"110838.20","B":"13.076","a":"110838.30","A":"7.245","T":1757096850084,"E":1757096850084}
{"e":"bookTicker","u":8522540963266,"s":"BTCUSDT","b":"110838.20","B":"13.076","a":"110838.30","A":"7.247","T":1757096850085,"E":1757096850085}
{"e":"bookTicker","u":8522540964057,"s":"BTCUSDT","b":"110838.20","B":"13.076","a":"110838.30","A":"7.248","T":1757096850102,"E":1757096850103}
{"e":"bookTicker","u":8522540964058,"s":"BTCUSDT","b":"110838.20","B":"13.077","a":"110838.30","A":"7.248","T":1757096850102,"E":1757096850103}
{"e":"bookTicker","u":8522540964105,"s":"BTCUSDT","b":"110838.20","B":"13.077","a":"110838.30","A":"7.247","T":1757096850104,"E":1757096850104}
{"e":"bookTicker","u":8522540964121,"s":"BTCUSDT","b":"110838.20","B":"13.076","a":"110838.30","A":"7.247","T":1757096850104,"E":1757096850104}
{"e":"bookTicker","u":8522540964724,"s":"BTCUSDT","b":"110838.20","B":"13.034","a":"110838.30","A":"7.247","T":1757096850118,"E":1757096850118}
{"e":"bookTicker","u":8522540965129,"s":"BTCUSDT","b":"110838.20","B":"13.034","a":"110838.30","A":"6.906","T":1757096850128,"E":1757096850128}
{"e":"bookTicker","u":8522540966163,"s":"BTCUSDT","b":"110838.20","B":"13.034","a":"110838.30","A":"6.907","T":1757096850152,"E":1757096850153}
{"e":"bookTicker","u":8522540966177,"s":"BTCUSDT","b":"110838.20","B":"13.035","a":"110838.30","A":"6.907","T":1757096850153,"E":1757096850153}
{"e":"bookTicker","u":8522540966203,"s":"BTCUSDT","b":"110838.20","B":"13.035","a":"110838.30","A":"6.906","T":1757096850153,"E":1757096850154}
{"e":"bookTicker","u":8522540966224,"s":"BTCUSDT","b":"110838.20","B":"13.034","a":"110838.30","A":"6.906","T":1757096850154,"E":1757096850154}
{"e":"bookTicker","u":8522540966469,"s":"BTCUSDT","b":"110838.20","B":"13.034","a":"110838.30","A":"6.905","T":1757096850157,"E":1757096850157}
{"e":"bookTicker","u":8522540967401,"s":"BTCUSDT","b":"110838.20","B":"13.034","a":"110838.30","A":"6.908","T":1757096850178,"E":1757096850178}
{"e":"bookTicker","u":8522540967777,"s":"BTCUSDT","b":"110838.20","B":"13.261","a":"110838.30","A":"6.908","T":1757096850187,"E":1757096850187}
{"e":"bookTicker","u":8522540967840,"s":"BTCUSDT","b":"110838.20","B":"13.255","a":"110838.30","A":"6.908","T":1757096850188,"E":1757096850189}
{"e":"bookTicker","u":8522540967883,"s":"BTCUSDT","b":"110838.20","B":"13.261","a":"110838.30","A":"6.908","T":1757096850189,"E":1757096850189}
{"e":"bookTicker","u":8522540968532,"s":"BTCUSDT","b":"110838.20","B":"13.262","a":"110838.30","A":"6.908","T":1757096850203,"E":1757096850203}
{"e":"bookTicker","u":8522540968565,"s":"BTCUSDT","b":"110838.20","B":"13.262","a":"110838.30","A":"6.909","T":1757096850203,"E":1757096850203}
{"e":"bookTicker","u":8522540968670,"s":"BTCUSDT","b":"110838.20","B":"13.261","a":"110838.30","A":"6.909","T":1757096850204,"E":1757096850204}
{"e":"bookTicker","u":8522540968677,"s":"BTCUSDT","b":"110838.20","B":"13.261","a":"110838.30","A":"6.908","T":1757096850204,"E":1757096850205}
{"e":"bookTicker","u":8522540968697,"s":"BTCUSDT","b":"110838.20","B":"13.255","a":"110838.30","A":"6.908","T":1757096850205,"E":1757096850205}
{"e":"bookTicker","u":8522540968728,"s":"BTCUSDT","b":"110838.20","B":"13.261","a":"110838.30","A":"6.908","T":1757096850205,"E":1757096850205}
{"e":"bookTicker","u":8522540969856,"s":"BTCUSDT","b":"110838.20","B":"13.261","a":"110838.30","A":"6.869","T":1757096850230,"E":1757096850230}
{"e":"bookTicker","u":8522540970109,"s":"BTCUSDT","b":"110838.20","B":"13.261","a":"110838.30","A":"6.908","T":1757096850236,"E":1757096850236}
{"e":"bookTicker","u":8522540970276,"s":"BTCUSDT","b":"110838.20","B":"13.034","a":"110838.30","A":"6.908","T":1757096850239,"E":1757096850239}
{"e":"bookTicker","u":8522540970833,"s":"BTCUSDT","b":"110838.20","B":"13.034","a":"110838.30","A":"6.909","T":1757096850252,"E":1757096850253}
{"e":"bookTicker","u":8522540970847,"s":"BTCUSDT","b":"110838.20","B":"13.035","a":"110838.30","A":"6.909","T":1757096850253,"E":1757096850253}
{"e":"bookTicker","u":8522540970874,"s":"BTCUSDT","b":"110838.20","B":"13.035","a":"110838.30","A":"6.908","T":1757096850254,"E":1757096850254}
{"e":"bookTicker","u":8522540970894,"s":"BTCUSDT","b":"110838.20","B":"13.034","a":"110838.30","A":"6.908","T":1757096850254,"E":1757096850254}
{"e":"bookTicker","u":8522540972041,"s":"BTCUSDT","b":"110838.20","B":"13.036","a":"110838.30","A":"6.908","T":1757096850282,"E":1757096850282}
{"e":"bookTicker","u":8522540972942,"s":"BTCUSDT","b":"110838.20","B":"13.037","a":"110838.30","A":"6.908","T":1757096850303,"E":1757096850303}
{"e":"bookTicker","u":8522540972943,"s":"BTCUSDT","b":"110838.20","B":"13.037","a":"110838.30","A":"6.909","T":1757096850303,"E":1757096850303}
{"e":"bookTicker","u":8522540972953,"s":"BTCUSDT","b":"110838.20","B":"13.037","a":"110838.30","A":"6.910","T":1757096850303,"E":1757096850303}
{"e":"bookTicker","u":8522540973033,"s":"BTCUSDT","b":"110838.20","B":"13.036","a":"110838.30","A":"6.910","T":1757096850305,"E":1757096850305}
{"e":"bookTicker","u":8522540973044,"s":"BTCUSDT","b":"110838.20","B":"13.036","a":"110838.30","A":"6.909","T":1757096850305,"E":1757096850305}
{"e":"bookTicker","u":8522540975588,"s":"BTCUSDT","b":"110838.20","B":"13.263","a":"110838.30","A":"6.909","T":1757096850345,"E":1757096850346}
{"e":"bookTicker","u":8522540975669,"s":"BTCUSDT","b":"110838.20","B":"13.257","a":"110838.30","A":"6.909","T":1757096850347,"E":1757096850347}
{"e":"bookTicker","u":8522540975691,"s":"BTCUSDT","b":"110838.20","B":"13.263","a":"110838.30","A":"6.909","T":1757096850348,"E":1757096850348}
{"e":"bookTicker","u":8522540975877,"s":"BTCUSDT","b":"110838.20","B":"13.263","a":"110838.30","A":"6.910","T":1757096850353,"E":1757096850353}
{"e":"bookTicker","u":8522540975880,"s":"BTCUSDT","b":"110838.20","B":"13.259","a":"110838.30","A":"6.910","T":1757096850353,"E":1757096850353}
{"e":"bookTicker","u":8522540975892,"s":"BTCUSDT","b":"110838.20","B":"13.260","a":"110838.30","A":"6.910","T":1757096850353,"E":1757096850353}
{"e":"bookTicker","u":8522540975944,"s":"BTCUSDT","b":"110838.20","B":"13.260","a":"110838.30","A":"6.909","T":1757096850354,"E":1757096850354}
{"e":"bookTicker","u":8522540975978,"s":"BTCUSDT","b":"110838.20","B":"13.254","a":"110838.30","A":"6.909","T":1757096850354,"E":1757096850354}
{"e":"bookTicker","u":8522540975997,"s":"BTCUSDT","b":"110838.20","B":"13.253","a":"110838.30","A":"6.909","T":1757096850355,"E":1757096850355}
{"e":"bookTicker","u":8522540976001,"s":"BTCUSDT","b":"110838.20","B":"13.259","a":"110838.30","A":"6.909","T":1757096850355,"E":1757096850355}
{"e":"bookTicker","u":8522540976111,"s":"BTCUSDT","b":"110838.20","B":"13.264","a":"110838.30","A":"6.909","T":1757096850357,"E":1757096850357}
{"e":"bookTicker","u":8522540978127,"s":"BTCUSDT","b":"110838.20","B":"13.037","a":"110838.30","A":"6.909","T":1757096850399,"E":1757096850399}
{"e":"bookTicker","u":8522540978359,"s":"BTCUSDT","b":"110838.20","B":"13.037","a":"110838.30","A":"6.908","T":1757096850401,"E":1757096850401}
{"e":"bookTicker","u":8522540978576,"s":"BTCUSDT","b":"110838.20","B":"13.037","a":"110838.30","A":"6.909","T":1757096850403,"E":1757096850403}
{"e":"bookTicker","u":8522540978596,"s":"BTCUSDT","b":"110838.20","B":"13.038","a":"110838.30","A":"6.909","T":1757096850403,"E":1757096850403}
{"e":"bookTicker","u":8522540979220,"s":"BTCUSDT","b":"110838.20","B":"13.037","a":"110838.30","A":"6.909","T":1757096850405,"E":1757096850405}
{"e":"bookTicker","u":8522540979235,"s":"BTCUSDT","b":"110838.20","B":"13.037","a":"110838.30","A":"6.908","T":1757096850405,"E":1757096850405}
{"e":"bookTicker","u":8522540979449,"s":"BTCUSDT","b":"110838.20","B":"13.033","a":"110838.30","A":"6.908","T":1757096850406,"E":1757096850407}
{"e":"bookTicker","u":8522540979524,"s":"BTCUSDT","b":"110838.20","B":"13.031","a":"110838.30","A":"6.908","T":1757096850407,"E":1757096850407}
{"e":"bookTicker","u":8522540979773,"s":"BTCUSDT","b":"110838.20","B":"13.009","a":"110838.30","A":"6.908","T":1757096850407,"E":1757096850407}
{"e":"bookTicker","u":8522540979800,"s":"BTCUSDT","b":"110838.20","B":"12.837","a":"110838.30","A":"6.908","T":1757096850407,"E":1757096850407}
{"e":"bookTicker","u":8522540979960,"s":"BTCUSDT","b":"110838.20","B":"12.337","a":"110838.30","A":"6.908","T":1757096850407,"E":1757096850408}
{"e":"bookTicker","u":8522540980114,"s":"BTCUSDT","b":"110838.20","B":"12.249","a":"110838.30","A":"6.908","T":1757096850408,"E":1757096850408}
