{"e":"bookTicker","u":8522538752657,"s":"BTCUSDT","b":"110799.90","B":"14.269","a":"110800.00","A":"13.678","T":1757096821633,"E":1757096821633}
{"e":"bookTicker","u":8522538752664,"s":"BTCUSDT","b":"110799.90","B":"14.274","a":"110800.00","A":"13.678","T":1757096821633,"E":1757096821633}
{"e":"bookTicker","u":8522538752734,"s":"BTCUSDT","b":"110799.90","B":"14.187","a":"110800.00","A":"13.678","T":1757096821633,"E":1757096821633}
{"e":"bookTicker","u":8522538752946,"s":"BTCUSDT","b":"110799.90","B":"14.185","a":"110800.00","A":"13.678","T":1757096821633,"E":1757096821634}
{"e":"bookTicker","u":8522538753026,"s":"BTCUSDT","b":"110799.90","B":"14.185","a":"110800.00","A":"13.677","T":1757096821633,"E":1757096821634}
{"e":"bookTicker","u":8522538753053,"s":"BTCUSDT","b":"110799.90","B":"14.189","a":"110800.00","A":"13.677","T":1757096821634,"E":1757096821634}
{"e":"bookTicker","u":8522538753111,"s":"BTCUSDT","b":"110799.90","B":"14.281","a":"110800.00","A":"13.677","T":1757096821634,"E":1757096821634}
{"e":"bookTicker","u":8522538753117,"s":"BTCUSDT","b":"110799.90","B":"14.436","a":"110800.00","A":"13.677","T":1757096821634,"E":1757096821634}
{"e":"bookTicker","u":8522538753118,"s":"BTCUSDT","b":"110799.90","B":"14.604","a":"110800.00","A":"13.677","T":1757096821634,"E":1757096821634}
{"e":"bookTicker","u":8522538753147,"s":"BTCUSDT","b":"110799.90","B":"14.598","a":"110800.00","A":"13.677","T":1757096821634,"E":1757096821634}
{"e":"bookTicker","u":8522538753151,"s":"BTCUSDT","b":"110799.90","B":"14.598","a":"110800.00","A":"13.675","T":1757096821634,"E":1757096821634}
{"e":"bookTicker","u":8522538753167,"s":"BTCUSDT","b":"110799.90","B":"14.602","a":"110800.00","A":"13.675","T":1757096821634,"E":1757096821634}
{"e":"bookTicker","u":8522538753205,"s":"BTCUSDT","b":"110799.90","B":"14.484","a":"110800.00","A":"13.675","T":1757096821634,"E":1757096821634}
{"e":"bookTicker","u":8522538753245,"s":"BTCUSDT","b":"110799.90","B":"14.490","a":"110800.00","A":"13.675","T":1757096821634,"E":1757096821634}
{"e":"bookTicker","u":8522538753247,"s":"BTCUSDT","b":"110799.90","B":"14.490","a":"110800.00","A":"13.677","T":1757096821634,"E":1757096821634}
{"e":"bookTicker","u":8522538753254,"s":"BTCUSDT","b":"110799.90","B":"14.490","a":"110800.00","A":"13.679","T":1757096821634,"E":1757096821634}
{"e":"bookTicker","u":8522538753258,"s":"BTCUSDT","b":"110799.90","B":"14.490","a":"110800.00","A":"13.680","T":1757096821634,"E":1757096821634}
{"e":"bookTicker","u":8522538753315,"s":"BTCUSDT","b":"110799.90","B":"14.493","a":"110800.00","A":"13.680","T":1757096821634,"E":1757096821635}
{"e":"bookTicker","u":8522538753480,"s":"BTCUSDT","b":"110799.90","B":"14.484","a":"110800.00","A":"13.680","T":1757096821634,"E":1757096821635}
{"e":"bookTicker","u":8522538753707,"s":"BTCUSDT","b":"110799.90","B":"14.484","a":"110800.00","A":"13.678","T":1757096821635,"E":1757096821635}
{"e":"bookTicker","u":8522538753987,"s":"BTCUSDT","b":"110799.90","B":"14.484","a":"110800.00","A":"13.776","T":1757096821636,"E":1757096821636}
{"e":"bookTicker","u":8522538754036,"s":"BTCUSDT","b":"110799.90","B":"14.484","a":"110800.00","A":"14.071","T":1757096821636,"E":1757096821636}
{"e":"bookTicker","u":8522538754398,"s":"BTCUSDT","b":"110799.90","B":"15.484","a":"110800.00","A":"14.071","T":1757096821637,"E":1757096821637}
{"e":"bookTicker","u":8522538754747,"s":"BTCUSDT","b":"110799.90","B":"15.484","a":"110800.00","A":"14.069","T":1757096821638,"E":1757096821638}
{"e":"bookTicker","u":8522538754749,"s":"BTCUSDT","b":"110799.90","B":"15.478","a":"110800.00","A":"14.069","T":1757096821638,"E":1757096821638}
{"e":"bookTicker","u":8522538754822,"s":"BTCUSDT","b":"110799.90","B":"15.484","a":"110800.00","A":"14.069","T":1757096821638,"E":1757096821638}
{"e":"bookTicker","u":8522538754823,"s":"BTCUSDT","b":"110799.90","B":"15.484","a":"110800.00","A":"14.071","T":1757096821638,"E":1757096821638}
{"e":"bookTicker","u":8522538755739,"s":"BTCUSDT","b":"110799.90","B":"15.484","a":"110800.00","A":"13.492","T":1757096821642,"E":1757096821642}
{"e":"bookTicker","u":8522538755999,"s":"BTCUSDT","b":"110799.90","B":"15.478","a":"110800.00","A":"13.492","T":1757096821644,"E":1757096821644}
{"e":"bookTicker","u":8522538756026,"s":"BTCUSDT","b":"110799.90","B":"15.478","a":"110800.00","A":"13.490","T":1757096821644,"E":1757096821644}
{"e":"bookTicker","u":8522538756068,"s":"BTCUSDT","b":"110799.90","B":"15.484","a":"110800.00","A":"13.490","T":1757096821644,"E":1757096821644}
{"e":"bookTicker","u":8522538756069,"s":"BTCUSDT","b":"110799.90","B":"15.484","a":"110800.00","A":"13.492","T":1757096821644,"E":1757096821644}
{"e":"bookTicker","u":8522538756189,"s":"BTCUSDT","b":"110799.90","B":"14.612","a":"110800.00","A":"13.492","T":1757096821645,"E":1757096821645}
{"e":"bookTicker","u":8522538756209,"s":"BTCUSDT","b":"110799.90","B":"13.740","a":"110800.00","A":"13.492","T":1757096821645,"E":1757096821645}
{"e":"bookTicker","u":8522538757446,"s":"BTCUSDT","b":"110799.90","B":"13.604","a":"110800.00","A":"13.492","T":1757096821655,"E":1757096821655}
{"e":"bookTicker","u":8522538757561,"s":"BTCUSDT","b":"110799.90","B":"13.464","a":"110800.00","A":"13.492","T":1757096821656,"E":1757096821656}
{"e":"bookTicker","u":8522538757622,"s":"BTCUSDT","b":"110799.90","B":"13.114","a":"110800.00","A":"13.492","T":1757096821656,"E":1757096821656}
{"e":"bookTicker","u":8522538757900,"s":"BTCUSDT","b":"110799.90","B":"11.448","a":"110800.00","A":"13.492","T":1757096821658,"E":1757096821658}
{"e":"bookTicker","u":8522538757963,"s":"BTCUSDT","b":"110799.90","B":"11.444","a":"110800.00","A":"13.492","T":1757096821658,"E":1757096821658}
{"e":"bookTicker","u":8522538758067,"s":"BTCUSDT","b":"110799.90","B":"11.443","a":"110800.00","A":"13.492","T":1757096821658,"E":1757096821659}
{"e":"bookTicker","u":8522538758146,"s":"BTCUSDT","b":"110799.90","B":"11.670","a":"110800.00","A":"13.492","T":1757096821659,"E":1757096821659}
{"e":"bookTicker","u":8522538758315,"s":"BTCUSDT","b":"110799.90","B":"11.670","a":"110800.00","A":"13.495","T":1757096821660,"E":1757096821660}
{"e":"bookTicker","u":8522538758468,"s":"BTCUSDT","b":"110799.90","B":"11.672","a":"110800.00","A":"13.495","T":1757096821661,"E":1757096821661}
{"e":"bookTicker","u":8522538758487,"s":"BTCUSDT","b":"110799.90","B":"11.666","a":"110800.00","A":"13.495","T":1757096821661,"E":1757096821661}
{"e":"bookTicker","u":8522538758500,"s":"BTCUSDT","b":"110799.90","B":"11.672","a":"110800.00","A":"13.495","T":1757096821661,"E":1757096821661}
{"e":"bookTicker","u":8522538758809,"s":"BTCUSDT","b":"110799.90","B":"11.445","a":"110800.00","A":"13.495","T":1757096821663,"E":1757096821663}
{"e":"bookTicker","u":8522538758922,"s":"BTCUSDT","b":"110799.90","B":"11.353","a":"110800.00","A":"13.495","T":1757096821664,"E":1757096821664}
{"e":"bookTicker","u":8522538758929,"s":"BTCUSDT","b":"110799.90","B":"11.252","a":"110800.00","A":"13.495","T":1757096821664,"E":1757096821664}
{"e":"bookTicker","u":8522538758935,"s":"BTCUSDT","b":"110799.90","B":"11.097","a":"110800.00","A":"13.495","T":1757096821664,"E":1757096821664}
{"e":"bookTicker","u":8522538758944,"s":"BTCUSDT","b":"110799.90","B":"10.997","a":"110800.00","A":"13.495","T":1757096821664,"E":1757096821664}
{"e":"bookTicker","u":8522538758985,"s":"BTCUSDT","b":"110799.90","B":"10.829","a":"110800.00","A":"13.495","T":1757096821664,"E":1757096821664}
{"e":"bookTicker","u":8522538758990,"s":"BTCUSDT","b":"110799.90","B":"10.658","a":"110800.00","A":"13.495","T":1757096821664,"E":1757096821664}
{"e":"bookTicker","u":8522538760304,"s":"BTCUSDT","b":"110799.90","B":"10.660","a":"110800.00","A":"13.495","T":1757096821672,"E":1757096821672}
{"e":"bookTicker","u":8522538760530,"s":"BTCUSDT","b":"110799.90","B":"10.679","a":"110800.00","A":"13.495","T":1757096821674,"E":1757096821674}
{"e":"bookTicker","u":8522538760574,"s":"BTCUSDT","b":"110799.90","B":"10.320","a":"110800.00","A":"13.495","T":1757096821674,"E":1757096821674}
{"e":"bookTicker","u":8522538760576,"s":"BTCUSDT","b":"110799.90","B":"9.961","a":"110800.00","A":"13.495","T":1757096821674,"E":1757096821674}
{"e":"bookTicker","u":8522538760631,"s":"BTCUSDT","b":"110799.90","B":"9.952","a":"110800.00","A":"13.495","T":1757096821675,"E":1757096821675}
{"e":"bookTicker","u":8522538760873,"s":"BTCUSDT","b":"110799.90","B":"9.933","a":"110800.00","A":"13.495","T":1757096821676,"E":1757096821676}
{"e":"bookTicker","u":8522538761019,"s":"BTCUSDT","b":"110799.90","B":"9.933","a":"110800.00","A":"13.505","T":1757096821676,"E":1757096821677}
{"e":"bookTicker","u":8522538761021,"s":"BTCUSDT","b":"110799.90","B":"9.930","a":"110800.00","A":"13.505","T":1757096821676,"E":1757096821677}
{"e":"bookTicker","u":8522538761081,"s":"BTCUSDT","b":"110799.90","B":"9.931","a":"110800.00","A":"13.505","T":1757096821677,"E":1757096821677}
{"e":"bookTicker","u":8522538761104,"s":"BTCUSDT","b":"110799.90","B":"9.931","a":"110800.00","A":"13.506","T":1757096821677,"E":1757096821677}
{"e":"bookTicker","u":8522538761455,"s":"BTCUSDT","b":"110799.90","B":"9.930","a":"110800.00","A":"13.506","T":1757096821679,"E":1757096821679}
{"e":"bookTicker","u":8522538761511,"s":"BTCUSDT","b":"110799.90","B":"9.930","a":"110800.00","A":"13.505","T":1757096821679,"E":1757096821680}
{"e":"bookTicker","u":8522538761718,"s":"BTCUSDT","b":"110799.90","B":"9.930","a":"110800.00","A":"13.585","T":1757096821680,"E":1757096821681}
{"e":"bookTicker","u":8522538762463,"s":"BTCUSDT","b":"110799.90","B":"9.930","a":"110800.00","A":"13.583","T":1757096821683,"E":1757096821683}
{"e":"bookTicker","u":8522538762559,"s":"BTCUSDT","b":"110799.90","B":"9.930","a":"110800.00","A":"13.585","T":1757096821683,"E":1757096821684}
{"e":"bookTicker","u":8522538763347,"s":"BTCUSDT","b":"110799.90","B":"10.115","a":"110800.00","A":"13.585","T":1757096821688,"E":1757096821688}
{"e":"bookTicker","u":8522538763587,"s":"BTCUSDT","b":"110799.90","B":"10.109","a":"110800.00","A":"13.585","T":1757096821689,"E":1757096821690}
{"e":"bookTicker","u":8522538763610,"s":"BTCUSDT","b":"110799.90","B":"10.109","a":"110800.00","A":"13.583","T":1757096821690,"E":1757096821690}
{"e":"bookTicker","u":8522538763637,"s":"BTCUSDT","b":"110799.90","B":"10.115","a":"110800.00","A":"13.583","T":1757096821690,"E":1757096821690}
{"e":"bookTicker","u":8522538763652,"s":"BTCUSDT","b":"110799.90","B":"10.115","a":"110800.00","A":"13.585","T":1757096821690,"E":1757096821690}
{"e":"bookTicker","u":8522538766207,"s":"BTCUSDT","b":"110799.90","B":"9.764","a":"110800.00","A":"13.585","T":1757096821708,"E":1757096821708}
{"e":"bookTicker","u":8522538766209,"s":"BTCUSDT","b":"110799.90","B":"9.674","a":"110800.00","A":"13.585","T":1757096821708,"E":1757096821708}
{"e":"bookTicker","u":8522538766415,"s":"BTCUSDT","b":"110799.90","B":"9.668","a":"110800.00","A":"13.585","T":1757096821709,"E":1757096821709}
{"e":"bookTicker","u":8522538766459,"s":"BTCUSDT","b":"110799.90","B":"9.674","a":"110800.00","A":"13.585","T":1757096821709,"E":1757096821710}
{"e":"bookTicker","u":8522538766523,"s":"BTCUSDT","b":"110799.90","B":"9.930","a":"110800.00","A":"13.585","T":1757096821710,"E":1757096821710}
{"e":"bookTicker","u":8522538767213,"s":"BTCUSDT","b":"110799.90","B":"9.924","a":"110800.00","A":"13.585","T":1757096821715,"E":1757096821715}
{"e":"bookTicker","u":8522538767238,"s":"BTCUSDT","b":"110799.90","B":"9.930","a":"110800.00","A":"13.585","T":1757096821715,"E":1757096821715}
{"e":"bookTicker","u":8522538767648,"s":"BTCUSDT","b":"110799.90","B":"9.795","a":"110800.00","A":"13.585","T":1757096821718,"E":1757096821718}
{"e":"bookTicker","u":8522538767852,"s":"BTCUSDT","b":"110799.90","B":"9.789","a":"110800.00","A":"13.585","T":1757096821720,"E":1757096821720}
{"e":"bookTicker","u":8522538767917,"s":"BTCUSDT","b":"110799.90","B":"9.795","a":"110800.00","A":"13.585","T":1757096821720,"E":1757096821720}
{"e":"bookTicker","u":8522538768729,"s":"BTCUSDT","b":"110799.90","B":"9.381","a":"110800.00","A":"13.585","T":1757096821725,"E":1757096821725}
{"e":"bookTicker","u":8522538768950,"s":"BTCUSDT","b":"110799.90","B":"9.381","a":"110800.00","A":"13.586","T":1757096821727,"E":1757096821727}
{"e":"bookTicker","u":8522538768988,"s":"BTCUSDT","b":"110799.90","B":"9.383","a":"110800.00","A":"13.586","T":1757096821727,"E":1757096821727}
{"e":"bookTicker","u":8522538769002,"s":"BTCUSDT","b":"110799.90","B":"9.384","a":"110800.00","A":"13.586","T":1757096821727,"E":1757096821727}
{"e":"bookTicker","u":8522538769106,"s":"BTCUSDT","b":"110799.90","B":"9.384","a":"110800.00","A":"13.588","T":1757096821728,"E":1757096821728}
{"e":"bookTicker","u":8522538769111,"s":"BTCUSDT","b":"110799.90","B":"9.386","a":"110800.00","A":"13.588","T":1757096821728,"E":1757096821728}
{"e":"bookTicker","u":8522538769209,"s":"BTCUSDT","b":"110799.90","B":"9.386","a":"110800.00","A":"13.587","T":1757096821729,"E":1757096821729}
{"e":"bookTicker","u":8522538769259,"s":"BTCUSDT","b":"110799.90","B":"9.385","a":"110800.00","A":"13.587","T":1757096821729,"E":1757096821729}
{"e":"bookTicker","u":8522538769330,"s":"BTCUSDT","b":"110799.90","B":"9.385","a":"110800.00","A":"13.658","T":1757096821730,"E":1757096821730}
{"e":"bookTicker","u":8522538770906,"s":"BTCUSDT","b":"110799.90","B":"9.493","a":"110800.00","A":"13.658","T":1757096821740,"E":1757096821740}
{"e":"bookTicker","u":8522538771351,"s":"BTCUSDT","b":"110799.90","B":"9.375","a":"110800.00","A":"13.658","T":1757096821742,"E":1757096821743}
{"e":"bookTicker","u":8522538771438,"s":"BTCUSDT","b":"110799.90","B":"9.367","a":"110800.00","A":"13.658","T":1757096821743,"E":1757096821743}
{"e":"bookTicker","u":8522538774097,"s":"BTCUSDT","b":"110799.90","B":"9.366","a":"110800.00","A":"13.658","T":1757096821768,"E":1757096821768}
{"e":"bookTicker","u":8522538774385,"s":"BTCUSDT","b":"110799.90","B":"9.370","a":"110800.00","A":"13.658","T":1757096821770,"E":1757096821770}
{"e":"bookTicker","u":8522538774766,"s":"BTCUSDT","b":"110799.90","B":"8.665","a":"110800.00","A":"13.658","T":1757096821773,"E":1757096821773}
{"e":"bookTicker","u":8522538774789,"s":"BTCUSDT","b":"110799.90","B":"8.663","a":"110800.00","A":"13.658","T":1757096821773,"E":1757096821773}
{"e":"bookTicker","u":8522538775158,"s":"BTCUSDT","b":"110799.90","B":"8.665","a":"110800.00","A":"13.658","T":1757096821776,"E":1757096821776}
{"e":"bookTicker","u":8522538775381,"s":"BTCUSDT","b":"110799.90","B":"8.666","a":"110800.00","A":"13.658","T":1757096821777,"E":1757096821777}
{"e":"bookTicker","u":8522538775393,"s":"BTCUSDT","b":"110799.90","B":"8.664","a":"110800.00","A":"13.658","T":1757096821777,"E":1757096821777}
{"e":"bookTicker","u":8522538775422,"s":"BTCUSDT","b":"110799.90","B":"8.664","a":"110800.00","A":"13.659","T":1757096821777,"E":1757096821777}
{"e":"bookTicker","u":8522538775605,"s":"BTCUSDT","b":"110799.90","B":"8.663","a":"110800.00","A":"13.659","T":1757096821779,"E":1757096821779}
{"e":"bookTicker","u":8522538775623,"s":"BTCUSDT","b":"110799.90","B":"8.665","a":"110800.00","A":"13.659","T":1757096821779,"E":1757096821779}
{"e":"bookTicker","u":8522538775662,"s":"BTCUSDT","b":"110799.90","B":"8.665","a":"110800.00","A":"13.658","T":1757096821779,"E":1757096821779}
{"e":"bookTicker","u":8522538775718,"s":"BTCUSDT","b":"110799.90","B":"8.575","a":"110800.00","A":"13.658","T":1757096821780,"E":1757096821780}
{"e":"bookTicker","u":8522538775955,"s":"BTCUSDT","b":"110799.90","B":"8.573","a":"110800.00","A":"13.658","T":1757096821781,"E":1757096821782}
{"e":"bookTicker","u":8522538778573,"s":"BTCUSDT","b":"110799.90","B":"8.573","a":"110800.00","A":"13.659","T":1757096821807,"E":1757096821807}
{"e":"bookTicker","u":8522538778748,"s":"BTCUSDT","b":"110799.90","B":"7.993","a":"110800.00","A":"13.659","T":1757096821810,"E":1757096821810}
{"e":"bookTicker","u":8522538779780,"s":"BTCUSDT","b":"110799.90","B":"7.993","a":"110800.00","A":"14.619","T":1757096821823,"E":1757096821823}
{"e":"bookTicker","u":8522538779917,"s":"BTCUSDT","b":"110799.90","B":"7.993","a":"110800.00","A":"14.617","T":1757096821824,"E":1757096821825}
{"e":"bookTicker","u":8522538779938,"s":"BTCUSDT","b":"110799.90","B":"7.993","a":"110800.00","A":"14.619","T":1757096821825,"E":1757096821825}
{"e":"bookTicker","u":8522538780141,"s":"BTCUSDT","b":"110799.90","B":"7.993","a":"110800.00","A":"14.620","T":1757096821827,"E":1757096821827}
{"e":"bookTicker","u":8522538780163,"s":"BTCUSDT","b":"110799.90","B":"7.994","a":"110800.00","A":"14.620","T":1757096821827,"E":1757096821827}
{"e":"bookTicker","u":8522538780281,"s":"BTCUSDT","b":"110799.90","B":"7.994","a":"110800.00","A":"14.619","T":1757096821828,"E":1757096821829}
{"e":"bookTicker","u":8522538780316,"s":"BTCUSDT","b":"110799.90","B":"7.993","a":"110800.00","A":"14.619","T":1757096821829,"E":1757096821829}
{"e":"bookTicker","u":8522538780410,"s":"BTCUSDT","b":"110799.90","B":"7.993","a":"110800.00","A":"14.617","T":1757096821830,"E":1757096821830}
{"e":"bookTicker","u":8522538780423,"s":"BTCUSDT","b":"110799.90","B":"7.993","a":"110800.00","A":"14.619","T":1757096821830,"E":1757096821830}
{"e":"bookTicker","u":8522538784648,"s":"BTCUSDT","b":"110799.90","B":"7.993","a":"110800.00","A":"14.620","T":1757096821867,"E":1757096821867}
{"e":"bookTicker","u":8522538785120,"s":"BTCUSDT","b":"110799.90","B":"7.993","a":"110800.00","A":"14.619","T":1757096821871,"E":1757096821871}
{"e":"bookTicker","u":8522538785592,"s":"BTCUSDT","b":"110799.90","B":"7.994","a":"110800.00","A":"14.619","T":1757096821877,"E":1757096821877}
{"e":"bookTicker","u":8522538785603,"s":"BTCUSDT","b":"110799.90","B":"7.994","a":"110800.00","A":"14.620","T":1757096821877,"E":1757096821877}
{"e":"bookTicker","u":8522538785669,"s":"BTCUSDT","b":"110799.90","B":"7.993","a":"110800.00","A":"14.620","T":1757096821878,"E":1757096821878}
{"e":"bookTicker","u":8522538785693,"s":"BTCUSDT","b":"110799.90","B":"7.993","a":"110800.00","A":"14.619","T":1757096821878,"E":1757096821879}
{"e":"bookTicker","u":8522538785700,"s":"BTCUSDT","b":"110799.90","B":"7.991","a":"110800.00","A":"14.619","T":1757096821879,"E":1757096821879}
{"e":"bookTicker","u":8522538785819,"s":"BTCUSDT","b":"110799.90","B":"7.989","a":"110800.00","A":"14.619","T":1757096821880,"E":1757096821880}
{"e":"bookTicker","u":8522538786615,"s":"BTCUSDT","b":"110799.90","B":"7.989","a":"110800.00","A":"14.620","T":1757096821885,"E":1757096821886}
{"e":"bookTicker","u":8522538786676,"s":"BTCUSDT","b":"110799.90","B":"8.130","a":"110800.00","A":"14.620","T":1757096821886,"E":1757096821886}
{"e":"bookTicker","u":8522538786907,"s":"BTCUSDT","b":"110799.90","B":"8.124","a":"110800.00","A":"14.620","T":1757096821888,"E":1757096821888}
{"e":"bookTicker","u":8522538786990,"s":"BTCUSDT","b":"110799.90","B":"8.130","a":"110800.00","A":"14.620","T":1757096821889,"E":1757096821889}
{"e":"bookTicker","u":8522538787061,"s":"BTCUSDT","b":"110799.90","B":"8.131","a":"110800.00","A":"14.620","T":1757096821889,"E":1757096821889}
{"e":"bookTicker","u":8522538788013,"s":"BTCUSDT","b":"110799.90","B":"8.125","a":"110800.00","A":"14.620","T":1757096821898,"E":1757096821898}
{"e":"bookTicker","u":8522538788032,"s":"BTCUSDT","b":"110799.90","B":"8.131","a":"110800.00","A":"14.620","T":1757096821898,"E":1757096821898}
{"e":"bookTicker","u":8522538790921,"s":"BTCUSDT","b":"110799.90","B":"8.132","a":"110800.00","A":"14.620","T":1757096821927,"E":1757096821927}
{"e":"bookTicker","u":8522538790922,"s":"BTCUSDT","b":"110799.90","B":"8.132","a":"110800.00","A":"14.621","T":1757096821927,"E":1757096821927}
{"e":"bookTicker","u":8522538790994,"s":"BTCUSDT","b":"110799.90","B":"8.131","a":"110800.00","A":"14.621","T":1757096821928,"E":1757096821929}
{"e":"bookTicker","u":8522538791006,"s":"BTCUSDT","b":"110799.90","B":"8.131","a":"110800.00","A":"14.620","T":1757096821929,"E":1757096821929}
{"e":"bookTicker","u":8522538792269,"s":"BTCUSDT","b":"110799.90","B":"8.129","a":"110800.00","A":"14.620","T":1757096821942,"E":1757096821942}
{"e":"bookTicker","u":8522538792847,"s":"BTCUSDT","b":"110799.90","B":"8.540","a":"110800.00","A":"14.620","T":1757096821949,"E":1757096821949}
{"e":"bookTicker","u":8522538792969,"s":"BTCUSDT","b":"110799.90","B":"8.534","a":"110800.00","A":"14.620","T":1757096821950,"E":1757096821951}
{"e":"bookTicker","u":8522538792988,"s":"BTCUSDT","b":"110799.90","B":"8.540","a":"110800.00","A":"14.620","T":1757096821951,"E":1757096821951}
{"e":"bookTicker","u":8522538794359,"s":"BTCUSDT","b":"110799.90","B":"8.540","a":"110800.00","A":"14.619","T":1757096821966,"E":1757096821966}
{"e":"bookTicker","u":8522538795115,"s":"BTCUSDT","b":"110799.90","B":"8.541","a":"110800.00","A":"14.619","T":1757096821977,"E":1757096821977}
{"e":"bookTicker","u":8522538795144,"s":"BTCUSDT","b":"110799.90","B":"8.541","a":"110800.00","A":"14.620","T":1757096821977,"E":1757096821978}
{"e":"bookTicker","u":8522538795183,"s":"BTCUSDT","b":"110799.90","B":"8.540","a":"110800.00","A":"14.620","T":1757096821978,"E":1757096821978}
{"e":"bookTicker","u":8522538795195,"s":"BTCUSDT","b":"110799.90","B":"8.540","a":"110800.00","A":"14.619","T":1757096821978,"E":1757096821979}
{"e":"bookTicker","u":8522538798800,"s":"BTCUSDT","b":"110799.90","B":"8.540","a":"110800.00","A":"14.621","T":1757096822018,"E":1757096822018}
{"e":"bookTicker","u":8522538799046,"s":"BTCUSDT","b":"110799.90","B":"8.540","a":"110800.00","A":"14.622","T":1757096822022,"E":1757096822022}
{"e":"bookTicker","u":8522538799051,"s":"BTCUSDT","b":"110799.90","B":"8.540","a":"110800.00","A":"14.623","T":1757096822022,"E":1757096822022}
{"e":"bookTicker","u":8522538799055,"s":"BTCUSDT","b":"110799.90","B":"8.540","a":"110800.00","A":"14.624","T":1757096822022,"E":1757096822022}
{"e":"bookTicker","u":8522538799064,"s":"BTCUSDT","b":"110799.90","B":"8.540","a":"110800.00","A":"14.625","T":1757096822022,"E":1757096822022}
{"e":"bookTicker","u":8522538799073,"s":"BTCUSDT","b":"110799.90","B":"8.540","a":"110800.00","A":"14.626","T":1757096822022,"E":1757096822022}
{"e":"bookTicker","u":8522538799081,"s":"BTCUSDT","b":"110799.90","B":"8.540","a":"110800.00","A":"14.627","T":1757096822022,"E":1757096822022}
{"e":"bookTicker","u":8522538799392,"s":"BTCUSDT","b":"110799.90","B":"8.540","a":"110800.00","A":"15.695","T":1757096822024,"E":1757096822024}
{"e":"bookTicker","u":8522538799625,"s":"BTCUSDT","b":"110799.90","B":"8.540","a":"110800.00","A":"15.693","T":1757096822026,"E":1757096822026}
{"e":"bookTicker","u":8522538799648,"s":"BTCUSDT","b":"110799.90","B":"8.540","a":"110800.00","A":"15.695","T":1757096822026,"E":1757096822026}
{"e":"bookTicker","u":8522538799772,"s":"BTCUSDT","b":"110799.90","B":"8.541","a":"110800.00","A":"15.695","T":1757096822027,"E":1757096822027}
{"e":"bookTicker","u":8522538799811,"s":"BTCUSDT","b":"110799.90","B":"8.541","a":"110800.00","A":"15.696","T":1757096822027,"E":1757096822028}
{"e":"bookTicker","u":8522538799829,"s":"BTCUSDT","b":"110799.90","B":"8.541","a":"110800.00","A":"15.697","T":1757096822028,"E":1757096822028}
{"e":"bookTicker","u":8522538799904,"s":"BTCUSDT","b":"110799.90","B":"8.540","a":"110800.00","A":"15.697","T":1757096822029,"E":1757096822029}
{"e":"bookTicker","u":8522538799934,"s":"BTCUSDT","b":"110799.90","B":"8.540","a":"110800.00","A":"15.888","T":1757096822029,"E":1757096822029}
{"e":"bookTicker","u":8522538799944,"s":"BTCUSDT","b":"110799.90","B":"8.540","a":"110800.00","A":"15.887","T":1757096822029,"E":1757096822029}
{"e":"bookTicker","u":8522538799950,"s":"BTCUSDT","b":"110799.90","B":"8.540","a":"110800.00","A":"15.940","T":1757096822029,"E":1757096822029}
{"e":"bookTicker","u":8522538800185,"s":"BTCUSDT","b":"110799.90","B":"8.540","a":"110800.00","A":"16.629","T":1757096822031,"E":1757096822031}
{"e":"bookTicker","u":8522538800193,"s":"BTCUSDT","b":"110799.90","B":"8.540","a":"110800.00","A":"16.701","T":1757096822031,"E":1757096822031}
{"e":"bookTicker","u":8522538800219,"s":"BTCUSDT","b":"110799.90","B":"8.540","a":"110800.00","A":"16.699","T":1757096822031,"E":1757096822031}
{"e":"bookTicker","u":8522538800256,"s":"BTCUSDT","b":"110799.90","B":"8.540","a":"110800.00","A":"16.701","T":1757096822031,"E":1757096822031}
{"e":"bookTicker","u":8522538800277,"s":"BTCUSDT","b":"110799.90","B":"8.540","a":"110800.00","A":"16.745","T":1757096822031,"E":1757096822032}
{"e":"bookTicker","u":8522538805348,"s":"BTCUSDT","b":"110799.90","B":"8.540","a":"110800.00","A":"16.743","T":1757096822063,"E":1757096822063}
{"e":"bookTicker","u":8522538805365,"s":"BTCUSDT","b":"110799.90","B":"8.540","a":"110800.00","A":"16.745","T":1757096822063,"E":1757096822063}
{"e":"bookTicker","u":8522538806326,"s":"BTCUSDT","b":"110799.90","B":"8.541","a":"110800.00","A":"16.745","T":1757096822077,"E":1757096822077}
{"e":"bookTicker","u":8522538806335,"s":"BTCUSDT","b":"110799.90","B":"8.541","a":"110800.00","A":"16.746","T":1757096822077,"E":1757096822077}
{"e":"bookTicker","u":8522538806375,"s":"BTCUSDT","b":"110799.90","B":"8.540","a":"110800.00","A":"16.746","T":1757096822078,"E":1757096822078}
{"e":"bookTicker","u":8522538806387,"s":"BTCUSDT","b":"110799.90","B":"8.540","a":"110800.00","A":"16.745","T":1757096822078,"E":1757096822078}
{"e":"bookTicker","u":8522538806754,"s":"BTCUSDT","b":"110799.90","B":"8.540","a":"110800.00","A":"16.744","T":1757096822083,"E":1757096822083}
{"e":"bookTicker","u":8522538807440,"s":"BTCUSDT","b":"110799.90","B":"8.543","a":"110800.00","A":"16.744","T":1757096822090,"E":1757096822090}
{"e":"bookTicker","u":8522538807628,"s":"BTCUSDT","b":"110799.90","B":"8.543","a":"110800.00","A":"16.745","T":1757096822091,"E":1757096822091}
{"e":"bookTicker","u":8522538807748,"s":"BTCUSDT","b":"110799.90","B":"8.715","a":"110800.00","A":"16.745","T":1757096822092,"E":1757096822092}
{"e":"bookTicker","u":8522538810103,"s":"BTCUSDT","b":"110799.90","B":"8.715","a":"110800.00","A":"16.808","T":1757096822113,"E":1757096822113}
{"e":"bookTicker","u":8522538810165,"s":"BTCUSDT","b":"110799.90","B":"8.713","a":"110800.00","A":"16.808","T":1757096822113,"E":1757096822114}
{"e":"bookTicker","u":8522538810560,"s":"BTCUSDT","b":"110799.90","B":"8.766","a":"110800.00","A":"16.808","T":1757096822117,"E":1757096822118}
{"e":"bookTicker","u":8522538810740,"s":"BTCUSDT","b":"110799.90","B":"8.760","a":"110800.00","A":"16.808","T":1757096822119,"E":1757096822120}
{"e":"bookTicker","u":8522538810759,"s":"BTCUSDT","b":"110799.90","B":"8.766","a":"110800.00","A":"16.808","T":1757096822120,"E":1757096822120}
{"e":"bookTicker","u":8522538811445,"s":"BTCUSDT","b":"110799.90","B":"8.766","a":"110800.00","A":"16.809","T":1757096822127,"E":1757096822127}
{"e":"bookTicker","u":8522538811477,"s":"BTCUSDT","b":"110799.90","B":"8.767","a":"110800.00","A":"16.809","T":1757096822127,"E":1757096822127}
{"e":"bookTicker","u":8522538811526,"s":"BTCUSDT","b":"110799.90","B":"8.767","a":"110800.00","A":"16.808","T":1757096822128,"E":1757096822128}
{"e":"bookTicker","u":8522538811576,"s":"BTCUSDT","b":"110799.90","B":"8.767","a":"110800.00","A":"16.807","T":1757096822128,"E":1757096822129}
{"e":"bookTicker","u":8522538811614,"s":"BTCUSDT","b":"110799.90","B":"8.766","a":"110800.00","A":"16.807","T":1757096822129,"E":1757096822129}
{"e":"bookTicker","u":8522538814081,"s":"BTCUSDT","b":"110799.90","B":"8.766","a":"110800.00","A":"16.810","T":1757096822164,"E":1757096822165}
{"e":"bookTicker","u":8522538814219,"s":"BTCUSDT","b":"110799.90","B":"8.766","a":"110800.00","A":"16.811","T":1757096822167,"E":1757096822167}
{"e":"bookTicker","u":8522538814509,"s":"BTCUSDT","b":"110799.90","B":"8.765","a":"110800.00","A":"16.811","T":1757096822171,"E":1757096822172}
{"e":"bookTicker","u":8522538814909,"s":"BTCUSDT","b":"110799.90","B":"8.765","a":"110800.00","A":"16.812","T":1757096822177,"E":1757096822177}
{"e":"bookTicker","u":8522538814922,"s":"BTCUSDT","b":"110799.90","B":"8.766","a":"110800.00","A":"16.812","T":1757096822177,"E":1757096822178}
{"e":"bookTicker","u":8522538814989,"s":"BTCUSDT","b":"110799.90","B":"8.766","a":"110800.00","A":"16.811","T":1757096822178,"E":1757096822179}
{"e":"bookTicker","u":8522538815002,"s":"BTCUSDT","b":"110799.90","B":"8.765","a":"110800.00","A":"16.811","T":1757096822179,"E":1757096822179}
{"e":"bookTicker","u":8522538815023,"s":"BTCUSDT","b":"110799.90","B":"8.765","a":"110800.00","A":"16.810","T":1757096822179,"E":1757096822179}
{"e":"bookTicker","u":8522538816733,"s":"BTCUSDT","b":"110799.90","B":"8.580","a":"110800.00","A":"16.810","T":1757096822206,"E":1757096822206}
{"e":"bookTicker","u":8522538816802,"s":"BTCUSDT","b":"110799.90","B":"8.408","a":"110800.00","A":"16.810","T":1757096822207,"E":1757096822208}
{"e":"bookTicker","u":8522538817385,"s":"BTCUSDT","b":"110799.90","B":"8.636","a":"110800.00","A":"16.810","T":1757096822216,"E":1757096822216}
{"e":"bookTicker","u":8522538817459,"s":"BTCUSDT","b":"110799.90","B":"8.630","a":"110800.00","A":"16.810","T":1757096822217,"E":1757096822217}
{"e":"bookTicker","u":8522538817469,"s":"BTCUSDT","b":"110799.90","B":"8.636","a":"110800.00","A":"16.810","T":1757096822217,"E":1757096822218}
{"e":"bookTicker","u":8522538817473,"s":"BTCUSDT","b":"110799.90","B":"8.808","a":"110800.00","A":"16.810","T":1757096822218,"E":1757096822218}
{"e":"bookTicker","u":8522538817525,"s":"BTCUSDT","b":"110799.90","B":"8.806","a":"110800.00","A":"16.810","T":1757096822219,"E":1757096822219}
{"e":"bookTicker","u":8522538818148,"s":"BTCUSDT","b":"110799.90","B":"8.806","a":"110800.00","A":"16.808","T":1757096822227,"E":1757096822227}
{"e":"bookTicker","u":8522538818177,"s":"BTCUSDT","b":"110799.90","B":"8.806","a":"110800.00","A":"16.809","T":1757096822227,"E":1757096822228}
{"e":"bookTicker","u":8522538818179,"s":"BTCUSDT","b":"110799.90","B":"8.800","a":"110800.00","A":"16.809","T":1757096822227,"E":1757096822228}
{"e":"bookTicker","u":8522538818180,"s":"BTCUSDT","b":"110799.90","B":"8.806","a":"110800.00","A":"16.809","T":1757096822227,"E":1757096822228}
{"e":"bookTicker","u":8522538818199,"s":"BTCUSDT","b":"110799.90","B":"8.807","a":"110800.00","A":"16.809","T":1757096822228,"E":1757096822228}
{"e":"bookTicker","u":8522538818398,"s":"BTCUSDT","b":"110799.90","B":"8.807","a":"110800.00","A":"16.808","T":1757096822229,"E":1757096822229}
{"e":"bookTicker","u":8522538818416,"s":"BTCUSDT","b":"110799.90","B":"8.806","a":"110800.00","A":"16.808","T":1757096822229,"E":1757096822230}
{"e":"bookTicker","u":8522538818724,"s":"BTCUSDT","b":"110799.90","B":"8.806","a":"110800.00","A":"16.807","T":1757096822231,"E":1757096822231}
{"e":"bookTicker","u":8522538818965,"s":"BTCUSDT","b":"110799.90","B":"8.806","a":"110800.00","A":"16.744","T":1757096822232,"E":1757096822232}
{"e":"bookTicker","u":8522538819500,"s":"BTCUSDT","b":"110799.90","B":"8.806","a":"110800.00","A":"15.784","T":1757096822235,"E":1757096822235}
{"e":"bookTicker","u":8522538819997,"s":"BTCUSDT","b":"110799.90","B":"8.809","a":"110800.00","A":"15.784","T":1757096822238,"E":1757096822238}
{"e":"bookTicker","u":8522538824407,"s":"BTCUSDT","b":"110799.90","B":"8.809","a":"110800.00","A":"15.785","T":1757096822277,"E":1757096822278}
{"e":"bookTicker","u":8522538824452,"s":"BTCUSDT","b":"110799.90","B":"8.810","a":"110800.00","A":"15.785","T":1757096822278,"E":1757096822278}
{"e":"bookTicker","u":8522538824601,"s":"BTCUSDT","b":"110799.90","B":"8.810","a":"110800.00","A":"15.784","T":1757096822279,"E":1757096822279}
{"e":"bookTicker","u":8522538824615,"s":"BTCUSDT","b":"110799.90","B":"8.809","a":"110800.00","A":"15.784","T":1757096822279,"E":1757096822279}
{"e":"bookTicker","u":8522538831517,"s":"BTCUSDT","b":"110799.90","B":"8.809","a":"110800.00","A":"15.785","T":1757096822328,"E":1757096822328}
{"e":"bookTicker","u":8522538831570,"s":"BTCUSDT","b":"110799.90","B":"8.810","a":"110800.00","A":"15.785","T":1757096822328,"E":1757096822328}
{"e":"bookTicker","u":8522538831826,"s":"BTCUSDT","b":"110799.90","B":"8.810","a":"110800.00","A":"15.784","T":1757096822329,"E":1757096822329}
{"e":"bookTicker","u":8522538831858,"s":"BTCUSDT","b":"110799.90","B":"8.809","a":"110800.00","A":"15.784","T":1757096822329,"E":1757096822329}
{"e":"bookTicker","u":8522538835225,"s":"BTCUSDT","b":"110799.90","B":"8.811","a":"110800.00","A":"15.784","T":1757096822353,"E":1757096822353}
