{"e":"bookTicker","u":8522542166738,"s":"BTCUSDT","b":"110879.40","B":"13.465","a":"110879.50","A":"5.316","T":1757096864010,"E":1757096864010}
{"e":"bookTicker","u":8522542167096,"s":"BTCUSDT","b":"110879.40","B":"13.465","a":"110879.50","A":"5.317","T":1757096864014,"E":1757096864014}
{"e":"bookTicker","u":8522542167157,"s":"BTCUSDT","b":"110879.40","B":"13.465","a":"110879.50","A":"5.318","T":1757096864014,"E":1757096864015}
{"e":"bookTicker","u":8522542167233,"s":"BTCUSDT","b":"110879.40","B":"13.466","a":"110879.50","A":"5.318","T":1757096864015,"E":1757096864016}
{"e":"bookTicker","u":8522542167250,"s":"BTCUSDT","b":"110879.40","B":"13.466","a":"110879.50","A":"5.319","T":1757096864016,"E":1757096864016}
{"e":"bookTicker","u":8522542167342,"s":"BTCUSDT","b":"110879.40","B":"13.465","a":"110879.50","A":"5.319","T":1757096864017,"E":1757096864017}
{"e":"bookTicker","u":8522542167356,"s":"BTCUSDT","b":"110879.40","B":"13.465","a":"110879.50","A":"5.318","T":1757096864017,"E":1757096864017}
{"e":"bookTicker","u":8522542168494,"s":"BTCUSDT","b":"110879.40","B":"13.465","a":"110879.50","A":"5.320","T":1757096864033,"E":1757096864033}
{"e":"bookTicker","u":8522542169059,"s":"BTCUSDT","b":"110879.40","B":"13.465","a":"110879.50","A":"5.318","T":1757096864037,"E":1757096864037}
{"e":"bookTicker","u":8522542171025,"s":"BTCUSDT","b":"110879.40","B":"13.465","a":"110879.50","A":"5.319","T":1757096864065,"E":1757096864065}
{"e":"bookTicker","u":8522542171039,"s":"BTCUSDT","b":"110879.40","B":"13.466","a":"110879.50","A":"5.319","T":1757096864065,"E":1757096864066}
{"e":"bookTicker","u":8522542171067,"s":"BTCUSDT","b":"110879.40","B":"13.466","a":"110879.50","A":"5.318","T":1757096864066,"E":1757096864066}
{"e":"bookTicker","u":8522542171084,"s":"BTCUSDT","b":"110879.40","B":"13.465","a":"110879.50","A":"5.318","T":1757096864067,"E":1757096864067}
{"e":"bookTicker","u":8522542172044,"s":"BTCUSDT","b":"110879.40","B":"14.342","a":"110879.50","A":"5.318","T":1757096864090,"E":1757096864090}
{"e":"bookTicker","u":8522542172122,"s":"BTCUSDT","b":"110879.40","B":"14.336","a":"110879.50","A":"5.318","T":1757096864091,"E":1757096864092}
{"e":"bookTicker","u":8522542172136,"s":"BTCUSDT","b":"110879.40","B":"14.342","a":"110879.50","A":"5.318","T":1757096864092,"E":1757096864092}
{"e":"bookTicker","u":8522542173252,"s":"BTCUSDT","b":"110879.40","B":"14.336","a":"110879.50","A":"5.318","T":1757096864112,"E":1757096864112}
{"e":"bookTicker","u":8522542173259,"s":"BTCUSDT","b":"110879.40","B":"14.342","a":"110879.50","A":"5.318","T":1757096864112,"E":1757096864112}
{"e":"bookTicker","u":8522542173417,"s":"BTCUSDT","b":"110879.40","B":"14.343","a":"110879.50","A":"5.318","T":1757096864115,"E":1757096864115}
{"e":"bookTicker","u":8522542173427,"s":"BTCUSDT","b":"110879.40","B":"14.343","a":"110879.50","A":"5.319","T":1757096864115,"E":1757096864116}
{"e":"bookTicker","u":8522542173502,"s":"BTCUSDT","b":"110879.40","B":"14.343","a":"110879.50","A":"5.318","T":1757096864117,"E":1757096864117}
{"e":"bookTicker","u":8522542173523,"s":"BTCUSDT","b":"110879.40","B":"14.342","a":"110879.50","A":"5.318","T":1757096864117,"E":1757096864117}
{"e":"bookTicker","u":8522542173526,"s":"BTCUSDT","b":"110879.40","B":"14.294","a":"110879.50","A":"5.318","T":1757096864117,"E":1757096864117}
{"e":"bookTicker","u":8522542173908,"s":"BTCUSDT","b":"110879.40","B":"14.337","a":"110879.50","A":"5.318","T":1757096864126,"E":1757096864126}
{"e":"bookTicker","u":8522542174112,"s":"BTCUSDT","b":"110879.40","B":"15.566","a":"110879.50","A":"5.318","T":1757096864132,"E":1757096864132}
{"e":"bookTicker","u":8522542174167,"s":"BTCUSDT","b":"110879.40","B":"15.560","a":"110879.50","A":"5.318","T":1757096864133,"E":1757096864134}
{"e":"bookTicker","u":8522542174176,"s":"BTCUSDT","b":"110879.40","B":"15.566","a":"110879.50","A":"5.318","T":1757096864134,"E":1757096864134}
{"e":"bookTicker","u":8522542174311,"s":"BTCUSDT","b":"110879.40","B":"15.566","a":"110879.50","A":"5.315","T":1757096864137,"E":1757096864137}
{"e":"bookTicker","u":8522542174343,"s":"BTCUSDT","b":"110879.40","B":"15.566","a":"110879.50","A":"5.317","T":1757096864137,"E":1757096864137}
{"e":"bookTicker","u":8522542174403,"s":"BTCUSDT","b":"110879.40","B":"15.560","a":"110879.50","A":"5.317","T":1757096864139,"E":1757096864139}
{"e":"bookTicker","u":8522542174420,"s":"BTCUSDT","b":"110879.40","B":"15.566","a":"110879.50","A":"5.317","T":1757096864139,"E":1757096864139}
{"e":"bookTicker","u":8522542174545,"s":"BTCUSDT","b":"110879.40","B":"15.612","a":"110879.50","A":"5.317","T":1757096864141,"E":1757096864141}
{"e":"bookTicker","u":8522542174613,"s":"BTCUSDT","b":"110879.40","B":"15.612","a":"110879.50","A":"5.013","T":1757096864143,"E":1757096864143}
{"e":"bookTicker","u":8522542174893,"s":"BTCUSDT","b":"110879.40","B":"15.612","a":"110879.50","A":"4.726","T":1757096864148,"E":1757096864148}
{"e":"bookTicker","u":8522542174908,"s":"BTCUSDT","b":"110879.40","B":"15.612","a":"110879.50","A":"4.476","T":1757096864148,"E":1757096864148}
{"e":"bookTicker","u":8522542174938,"s":"BTCUSDT","b":"110879.40","B":"15.612","a":"110879.50","A":"4.240","T":1757096864149,"E":1757096864149}
{"e":"bookTicker","u":8522542174939,"s":"BTCUSDT","b":"110879.40","B":"15.612","a":"110879.50","A":"3.017","T":1757096864149,"E":1757096864149}
{"e":"bookTicker","u":8522542174944,"s":"BTCUSDT","b":"110879.40","B":"15.612","a":"110879.50","A":"2.812","T":1757096864149,"E":1757096864149}
{"e":"bookTicker","u":8522542175051,"s":"BTCUSDT","b":"110879.40","B":"15.612","a":"110879.50","A":"3.162","T":1757096864149,"E":1757096864150}
{"e":"bookTicker","u":8522542175238,"s":"BTCUSDT","b":"110879.40","B":"15.612","a":"110879.50","A":"4.385","T":1757096864151,"E":1757096864151}
{"e":"bookTicker","u":8522542175249,"s":"BTCUSDT","b":"110879.40","B":"15.612","a":"110879.50","A":"4.621","T":1757096864151,"E":1757096864152}
{"e":"bookTicker","u":8522542175258,"s":"BTCUSDT","b":"110879.40","B":"15.612","a":"110879.50","A":"4.826","T":1757096864151,"E":1757096864152}
{"e":"bookTicker","u":8522542175259,"s":"BTCUSDT","b":"110879.40","B":"15.612","a":"110879.50","A":"4.824","T":1757096864151,"E":1757096864152}
{"e":"bookTicker","u":8522542175260,"s":"BTCUSDT","b":"110879.40","B":"15.613","a":"110879.50","A":"4.824","T":1757096864151,"E":1757096864152}
{"e":"bookTicker","u":8522542175282,"s":"BTCUSDT","b":"110879.40","B":"15.613","a":"110879.50","A":"4.826","T":1757096864152,"E":1757096864152}
{"e":"bookTicker","u":8522542175463,"s":"BTCUSDT","b":"110879.40","B":"15.613","a":"110879.50","A":"4.824","T":1757096864153,"E":1757096864154}
{"e":"bookTicker","u":8522542175472,"s":"BTCUSDT","b":"110879.40","B":"15.613","a":"110879.50","A":"4.826","T":1757096864154,"E":1757096864154}
{"e":"bookTicker","u":8522542175551,"s":"BTCUSDT","b":"110879.40","B":"15.612","a":"110879.50","A":"4.826","T":1757096864154,"E":1757096864155}
{"e":"bookTicker","u":8522542175603,"s":"BTCUSDT","b":"110879.40","B":"15.612","a":"110879.50","A":"5.113","T":1757096864155,"E":1757096864155}
{"e":"bookTicker","u":8522542175770,"s":"BTCUSDT","b":"110879.40","B":"15.612","a":"110879.50","A":"5.111","T":1757096864156,"E":1757096864156}
{"e":"bookTicker","u":8522542175810,"s":"BTCUSDT","b":"110879.40","B":"15.612","a":"110879.50","A":"5.113","T":1757096864157,"E":1757096864157}
{"e":"bookTicker","u":8522542176080,"s":"BTCUSDT","b":"110879.40","B":"15.612","a":"110879.50","A":"4.763","T":1757096864161,"E":1757096864161}
{"e":"bookTicker","u":8522542176082,"s":"BTCUSDT","b":"110879.40","B":"15.612","a":"110879.50","A":"4.476","T":1757096864161,"E":1757096864161}
{"e":"bookTicker","u":8522542176140,"s":"BTCUSDT","b":"110879.40","B":"15.612","a":"110879.50","A":"4.474","T":1757096864163,"E":1757096864163}
{"e":"bookTicker","u":8522542176151,"s":"BTCUSDT","b":"110879.40","B":"15.612","a":"110879.50","A":"3.251","T":1757096864163,"E":1757096864163}
{"e":"bookTicker","u":8522542176170,"s":"BTCUSDT","b":"110879.40","B":"15.612","a":"110879.50","A":"3.253","T":1757096864163,"E":1757096864163}
{"e":"bookTicker","u":8522542176228,"s":"BTCUSDT","b":"110879.40","B":"15.613","a":"110879.50","A":"3.253","T":1757096864164,"E":1757096864164}
{"e":"bookTicker","u":8522542176257,"s":"BTCUSDT","b":"110879.40","B":"15.613","a":"110879.50","A":"4.476","T":1757096864165,"E":1757096864165}
{"e":"bookTicker","u":8522542176304,"s":"BTCUSDT","b":"110879.40","B":"15.614","a":"110879.50","A":"4.476","T":1757096864165,"E":1757096864166}
{"e":"bookTicker","u":8522542176315,"s":"BTCUSDT","b":"110879.40","B":"15.614","a":"110879.50","A":"4.477","T":1757096864165,"E":1757096864166}
{"e":"bookTicker","u":8522542176345,"s":"BTCUSDT","b":"110879.40","B":"15.614","a":"110879.50","A":"4.272","T":1757096864166,"E":1757096864166}
{"e":"bookTicker","u":8522542176365,"s":"BTCUSDT","b":"110879.40","B":"15.614","a":"110879.50","A":"3.049","T":1757096864166,"E":1757096864167}
{"e":"bookTicker","u":8522542176367,"s":"BTCUSDT","b":"110879.40","B":"15.613","a":"110879.50","A":"3.049","T":1757096864166,"E":1757096864167}
{"e":"bookTicker","u":8522542176379,"s":"BTCUSDT","b":"110879.40","B":"15.613","a":"110879.50","A":"3.048","T":1757096864167,"E":1757096864167}
{"e":"bookTicker","u":8522542176485,"s":"BTCUSDT","b":"110879.40","B":"15.615","a":"110879.50","A":"3.048","T":1757096864169,"E":1757096864169}
{"e":"bookTicker","u":8522542176500,"s":"BTCUSDT","b":"110879.40","B":"15.615","a":"110879.50","A":"3.046","T":1757096864169,"E":1757096864169}
{"e":"bookTicker","u":8522542176528,"s":"BTCUSDT","b":"110879.40","B":"15.615","a":"110879.50","A":"3.048","T":1757096864170,"E":1757096864170}
{"e":"bookTicker","u":8522542176611,"s":"BTCUSDT","b":"110879.40","B":"15.615","a":"110879.50","A":"3.253","T":1757096864171,"E":1757096864171}
{"e":"bookTicker","u":8522542176633,"s":"BTCUSDT","b":"110879.40","B":"15.615","a":"110879.50","A":"3.048","T":1757096864172,"E":1757096864172}
{"e":"bookTicker","u":8522542176654,"s":"BTCUSDT","b":"110879.40","B":"15.615","a":"110879.50","A":"4.271","T":1757096864172,"E":1757096864172}
{"e":"bookTicker","u":8522542176716,"s":"BTCUSDT","b":"110879.40","B":"15.615","a":"110879.50","A":"4.274","T":1757096864173,"E":1757096864174}
{"e":"bookTicker","u":8522542176723,"s":"BTCUSDT","b":"110879.40","B":"15.615","a":"110879.50","A":"4.272","T":1757096864174,"E":1757096864174}
{"e":"bookTicker","u":8522542176734,"s":"BTCUSDT","b":"110879.40","B":"15.615","a":"110879.50","A":"3.049","T":1757096864174,"E":1757096864174}
{"e":"bookTicker","u":8522542176753,"s":"BTCUSDT","b":"110879.40","B":"15.615","a":"110879.50","A":"3.254","T":1757096864174,"E":1757096864174}
{"e":"bookTicker","u":8522542176787,"s":"BTCUSDT","b":"110879.40","B":"15.615","a":"110879.50","A":"3.252","T":1757096864175,"E":1757096864175}
{"e":"bookTicker","u":8522542176789,"s":"BTCUSDT","b":"110879.40","B":"15.615","a":"110879.50","A":"3.254","T":1757096864175,"E":1757096864175}
{"e":"bookTicker","u":8522542176817,"s":"BTCUSDT","b":"110879.40","B":"15.615","a":"110879.50","A":"3.541","T":1757096864175,"E":1757096864176}
{"e":"bookTicker","u":8522542176897,"s":"BTCUSDT","b":"110879.40","B":"15.615","a":"110879.50","A":"4.764","T":1757096864177,"E":1757096864177}
{"e":"bookTicker","u":8522542176898,"s":"BTCUSDT","b":"110879.40","B":"15.615","a":"110879.50","A":"4.477","T":1757096864177,"E":1757096864177}
{"e":"bookTicker","u":8522542177611,"s":"BTCUSDT","b":"110879.40","B":"15.634","a":"110879.50","A":"4.477","T":1757096864196,"E":1757096864196}
{"e":"bookTicker","u":8522542177725,"s":"BTCUSDT","b":"110879.40","B":"15.634","a":"110879.50","A":"4.475","T":1757096864199,"E":1757096864199}
{"e":"bookTicker","u":8522542177735,"s":"BTCUSDT","b":"110879.40","B":"15.634","a":"110879.50","A":"4.477","T":1757096864199,"E":1757096864199}
{"e":"bookTicker","u":8522542177750,"s":"BTCUSDT","b":"110879.40","B":"15.634","a":"110879.50","A":"4.764","T":1757096864199,"E":1757096864199}
{"e":"bookTicker","u":8522542177915,"s":"BTCUSDT","b":"110879.40","B":"15.633","a":"110879.50","A":"4.764","T":1757096864202,"E":1757096864202}
{"e":"bookTicker","u":8522542178043,"s":"BTCUSDT","b":"110879.40","B":"15.633","a":"110879.50","A":"4.762","T":1757096864204,"E":1757096864204}
{"e":"bookTicker","u":8522542178070,"s":"BTCUSDT","b":"110879.40","B":"15.633","a":"110879.50","A":"4.764","T":1757096864204,"E":1757096864204}
{"e":"bookTicker","u":8522542178627,"s":"BTCUSDT","b":"110879.40","B":"15.633","a":"110879.50","A":"4.765","T":1757096864215,"E":1757096864216}
{"e":"bookTicker","u":8522542178636,"s":"BTCUSDT","b":"110879.40","B":"15.634","a":"110879.50","A":"4.765","T":1757096864216,"E":1757096864216}
{"e":"bookTicker","u":8522542178686,"s":"BTCUSDT","b":"110879.40","B":"15.634","a":"110879.50","A":"4.764","T":1757096864217,"E":1757096864217}
{"e":"bookTicker","u":8522542178691,"s":"BTCUSDT","b":"110879.40","B":"15.633","a":"110879.50","A":"4.764","T":1757096864217,"E":1757096864217}
{"e":"bookTicker","u":8522542178959,"s":"BTCUSDT","b":"110879.40","B":"15.634","a":"110879.50","A":"4.764","T":1757096864225,"E":1757096864225}
{"e":"bookTicker","u":8522542178995,"s":"BTCUSDT","b":"110879.40","B":"15.635","a":"110879.50","A":"4.764","T":1757096864227,"E":1757096864227}
{"e":"bookTicker","u":8522542179378,"s":"BTCUSDT","b":"110879.40","B":"15.635","a":"110879.50","A":"4.761","T":1757096864243,"E":1757096864243}
{"e":"bookTicker","u":8522542179454,"s":"BTCUSDT","b":"110879.40","B":"15.635","a":"110879.50","A":"4.763","T":1757096864246,"E":1757096864246}
{"e":"bookTicker","u":8522542179542,"s":"BTCUSDT","b":"110879.40","B":"15.635","a":"110879.50","A":"4.761","T":1757096864249,"E":1757096864249}
{"e":"bookTicker","u":8522542180041,"s":"BTCUSDT","b":"110879.40","B":"15.635","a":"110879.50","A":"4.737","T":1757096864264,"E":1757096864264}
{"e":"bookTicker","u":8522542180058,"s":"BTCUSDT","b":"110879.40","B":"15.635","a":"110879.50","A":"4.730","T":1757096864264,"E":1757096864264}
{"e":"bookTicker","u":8522542180084,"s":"BTCUSDT","b":"110879.40","B":"15.635","a":"110879.50","A":"4.732","T":1757096864265,"E":1757096864265}
{"e":"bookTicker","u":8522542180168,"s":"BTCUSDT","b":"110879.40","B":"15.636","a":"110879.50","A":"4.732","T":1757096864266,"E":1757096864266}
{"e":"bookTicker","u":8522542180182,"s":"BTCUSDT","b":"110879.40","B":"15.636","a":"110879.50","A":"4.733","T":1757096864266,"E":1757096864266}
{"e":"bookTicker","u":8522542180223,"s":"BTCUSDT","b":"110879.40","B":"15.636","a":"110879.50","A":"3.510","T":1757096864266,"E":1757096864267}
{"e":"bookTicker","u":8522542180242,"s":"BTCUSDT","b":"110879.40","B":"15.635","a":"110879.50","A":"3.510","T":1757096864267,"E":1757096864267}
{"e":"bookTicker","u":8522542180249,"s":"BTCUSDT","b":"110879.40","B":"15.635","a":"110879.50","A":"3.509","T":1757096864267,"E":1757096864267}
{"e":"bookTicker","u":8522542180315,"s":"BTCUSDT","b":"110879.40","B":"15.635","a":"110879.50","A":"4.732","T":1757096864268,"E":1757096864268}
{"e":"bookTicker","u":8522542180327,"s":"BTCUSDT","b":"110879.40","B":"15.635","a":"110879.50","A":"4.445","T":1757096864268,"E":1757096864268}
{"e":"bookTicker","u":8522542180365,"s":"BTCUSDT","b":"110879.40","B":"15.635","a":"110879.50","A":"3.222","T":1757096864269,"E":1757096864269}
{"e":"bookTicker","u":8522542180425,"s":"BTCUSDT","b":"110879.40","B":"15.635","a":"110879.50","A":"3.220","T":1757096864270,"E":1757096864271}
{"e":"bookTicker","u":8522542180441,"s":"BTCUSDT","b":"110879.40","B":"15.635","a":"110879.50","A":"3.222","T":1757096864271,"E":1757096864271}
{"e":"bookTicker","u":8522542180539,"s":"BTCUSDT","b":"110879.40","B":"15.635","a":"110879.50","A":"4.445","T":1757096864273,"E":1757096864273}
{"e":"bookTicker","u":8522542180647,"s":"BTCUSDT","b":"110879.40","B":"15.635","a":"110879.50","A":"4.443","T":1757096864275,"E":1757096864275}
{"e":"bookTicker","u":8522542180799,"s":"BTCUSDT","b":"110879.40","B":"15.635","a":"110879.50","A":"4.441","T":1757096864277,"E":1757096864277}
{"e":"bookTicker","u":8522542180840,"s":"BTCUSDT","b":"110879.40","B":"15.635","a":"110879.50","A":"4.443","T":1757096864277,"E":1757096864278}
{"e":"bookTicker","u":8522542181661,"s":"BTCUSDT","b":"110879.40","B":"15.635","a":"110879.50","A":"3.220","T":1757096864302,"E":1757096864302}
{"e":"bookTicker","u":8522542182372,"s":"BTCUSDT","b":"110879.40","B":"15.635","a":"110879.50","A":"3.221","T":1757096864315,"E":1757096864316}
{"e":"bookTicker","u":8522542182380,"s":"BTCUSDT","b":"110879.40","B":"15.636","a":"110879.50","A":"3.221","T":1757096864316,"E":1757096864316}
{"e":"bookTicker","u":8522542182436,"s":"BTCUSDT","b":"110879.40","B":"15.636","a":"110879.50","A":"3.220","T":1757096864317,"E":1757096864317}
{"e":"bookTicker","u":8522542182471,"s":"BTCUSDT","b":"110879.40","B":"15.635","a":"110879.50","A":"3.220","T":1757096864318,"E":1757096864318}
{"e":"bookTicker","u":8522542183289,"s":"BTCUSDT","b":"110879.40","B":"15.635","a":"110879.50","A":"2.984","T":1757096864323,"E":1757096864324}
{"e":"bookTicker","u":8522542183741,"s":"BTCUSDT","b":"110879.40","B":"15.644","a":"110879.50","A":"2.984","T":1757096864325,"E":1757096864326}
{"e":"bookTicker","u":8522542183834,"s":"BTCUSDT","b":"110879.40","B":"15.644","a":"110879.50","A":"3.220","T":1757096864326,"E":1757096864326}
{"e":"bookTicker","u":8522542184045,"s":"BTCUSDT","b":"110879.40","B":"15.644","a":"110879.50","A":"3.218","T":1757096864328,"E":1757096864328}
{"e":"bookTicker","u":8522542184096,"s":"BTCUSDT","b":"110879.40","B":"15.644","a":"110879.50","A":"3.220","T":1757096864328,"E":1757096864328}
{"e":"bookTicker","u":8522542186029,"s":"BTCUSDT","b":"110879.40","B":"15.644","a":"110879.50","A":"3.218","T":1757096864357,"E":1757096864357}
{"e":"bookTicker","u":8522542186048,"s":"BTCUSDT","b":"110879.40","B":"15.644","a":"110879.50","A":"3.220","T":1757096864357,"E":1757096864358}
{"e":"bookTicker","u":8522542186118,"s":"BTCUSDT","b":"110879.40","B":"15.644","a":"110879.50","A":"2.984","T":1757096864359,"E":1757096864359}
{"e":"bookTicker","u":8522542186329,"s":"BTCUSDT","b":"110879.40","B":"15.644","a":"110879.50","A":"3.220","T":1757096864361,"E":1757096864361}
{"e":"bookTicker","u":8522542186344,"s":"BTCUSDT","b":"110879.40","B":"15.644","a":"110879.50","A":"3.015","T":1757096864362,"E":1757096864362}
{"e":"bookTicker","u":8522542186347,"s":"BTCUSDT","b":"110879.40","B":"15.644","a":"110879.50","A":"2.779","T":1757096864362,"E":1757096864362}
{"e":"bookTicker","u":8522542186388,"s":"BTCUSDT","b":"110879.40","B":"15.644","a":"110879.50","A":"2.433","T":1757096864363,"E":1757096864363}
{"e":"bookTicker","u":8522542186405,"s":"BTCUSDT","b":"110879.40","B":"15.644","a":"110879.50","A":"2.431","T":1757096864363,"E":1757096864363}
{"e":"bookTicker","u":8522542186421,"s":"BTCUSDT","b":"110879.40","B":"15.644","a":"110879.50","A":"2.636","T":1757096864363,"E":1757096864363}
{"e":"bookTicker","u":8522542186428,"s":"BTCUSDT","b":"110879.40","B":"15.644","a":"110879.50","A":"2.638","T":1757096864363,"E":1757096864363}
{"e":"bookTicker","u":8522542186464,"s":"BTCUSDT","b":"110879.40","B":"15.644","a":"110879.50","A":"3.861","T":1757096864364,"E":1757096864364}
{"e":"bookTicker","u":8522542186480,"s":"BTCUSDT","b":"110879.40","B":"15.644","a":"110879.50","A":"4.097","T":1757096864364,"E":1757096864364}
{"e":"bookTicker","u":8522542186491,"s":"BTCUSDT","b":"110879.40","B":"15.644","a":"110879.50","A":"3.861","T":1757096864364,"E":1757096864364}
{"e":"bookTicker","u":8522542186500,"s":"BTCUSDT","b":"110879.40","B":"15.644","a":"110879.50","A":"2.638","T":1757096864365,"E":1757096864365}
{"e":"bookTicker","u":8522542186547,"s":"BTCUSDT","b":"110879.40","B":"15.644","a":"110879.50","A":"2.639","T":1757096864365,"E":1757096864366}
{"e":"bookTicker","u":8522542186557,"s":"BTCUSDT","b":"110879.40","B":"15.645","a":"110879.50","A":"2.639","T":1757096864366,"E":1757096864366}
{"e":"bookTicker","u":8522542186589,"s":"BTCUSDT","b":"110879.40","B":"15.645","a":"110879.50","A":"2.641","T":1757096864366,"E":1757096864366}
{"e":"bookTicker","u":8522542186610,"s":"BTCUSDT","b":"110879.40","B":"15.645","a":"110879.50","A":"3.864","T":1757096864366,"E":1757096864367}
{"e":"bookTicker","u":8522542186616,"s":"BTCUSDT","b":"110879.40","B":"15.645","a":"110879.50","A":"4.100","T":1757096864366,"E":1757096864367}
{"e":"bookTicker","u":8522542186630,"s":"BTCUSDT","b":"110879.40","B":"15.645","a":"110879.50","A":"4.099","T":1757096864367,"E":1757096864367}
{"e":"bookTicker","u":8522542186661,"s":"BTCUSDT","b":"110879.40","B":"15.644","a":"110879.50","A":"4.099","T":1757096864367,"E":1757096864367}
{"e":"bookTicker","u":8522542186740,"s":"BTCUSDT","b":"110879.40","B":"15.644","a":"110879.50","A":"4.097","T":1757096864368,"E":1757096864369}
{"e":"bookTicker","u":8522542186775,"s":"BTCUSDT","b":"110879.40","B":"15.644","a":"110879.50","A":"4.099","T":1757096864369,"E":1757096864369}
{"e":"bookTicker","u":8522542186956,"s":"BTCUSDT","b":"110879.40","B":"15.644","a":"110879.50","A":"4.386","T":1757096864370,"E":1757096864370}
{"e":"bookTicker","u":8522542186986,"s":"BTCUSDT","b":"110879.40","B":"15.644","a":"110879.50","A":"4.099","T":1757096864371,"E":1757096864371}
{"e":"bookTicker","u":8522542187744,"s":"BTCUSDT","b":"110879.40","B":"15.644","a":"110879.50","A":"4.102","T":1757096864383,"E":1757096864383}
{"e":"bookTicker","u":8522542187820,"s":"BTCUSDT","b":"110879.40","B":"15.644","a":"110879.50","A":"4.100","T":1757096864384,"E":1757096864385}
{"e":"bookTicker","u":8522542187845,"s":"BTCUSDT","b":"110879.40","B":"15.644","a":"110879.50","A":"4.102","T":1757096864385,"E":1757096864385}
{"e":"bookTicker","u":8522542188272,"s":"BTCUSDT","b":"110879.40","B":"15.644","a":"110879.50","A":"4.389","T":1757096864392,"E":1757096864392}
{"e":"bookTicker","u":8522542188287,"s":"BTCUSDT","b":"110879.40","B":"15.639","a":"110879.50","A":"4.389","T":1757096864393,"E":1757096864393}
{"e":"bookTicker","u":8522542188313,"s":"BTCUSDT","b":"110879.40","B":"15.639","a":"110879.50","A":"4.387","T":1757096864393,"E":1757096864394}
{"e":"bookTicker","u":8522542188316,"s":"BTCUSDT","b":"110879.40","B":"15.639","a":"110879.50","A":"4.385","T":1757096864394,"E":1757096864394}
{"e":"bookTicker","u":8522542188334,"s":"BTCUSDT","b":"110879.40","B":"15.639","a":"110879.50","A":"4.387","T":1757096864394,"E":1757096864394}
{"e":"bookTicker","u":8522542188457,"s":"BTCUSDT","b":"110879.40","B":"15.643","a":"110879.50","A":"4.387","T":1757096864397,"E":1757096864397}
{"e":"bookTicker","u":8522542188473,"s":"BTCUSDT","b":"110879.40","B":"15.594","a":"110879.50","A":"4.387","T":1757096864398,"E":1757096864398}
{"e":"bookTicker","u":8522542188544,"s":"BTCUSDT","b":"110879.40","B":"15.590","a":"110879.50","A":"4.387","T":1757096864399,"E":1757096864399}
{"e":"bookTicker","u":8522542188566,"s":"BTCUSDT","b":"110879.40","B":"15.588","a":"110879.50","A":"4.387","T":1757096864399,"E":1757096864399}
{"e":"bookTicker","u":8522542188583,"s":"BTCUSDT","b":"110879.40","B":"15.588","a":"110879.50","A":"4.695","T":1757096864399,"E":1757096864399}
{"e":"bookTicker","u":8522542188600,"s":"BTCUSDT","b":"110879.40","B":"15.588","a":"110879.50","A":"5.011","T":1757096864399,"E":1757096864399}
{"e":"bookTicker","u":8522542188741,"s":"BTCUSDT","b":"110879.40","B":"15.588","a":"110879.50","A":"5.009","T":1757096864401,"E":1757096864401}
{"e":"bookTicker","u":8522542188748,"s":"BTCUSDT","b":"110879.40","B":"15.588","a":"110879.50","A":"4.701","T":1757096864401,"E":1757096864401}
{"e":"bookTicker","u":8522542188769,"s":"BTCUSDT","b":"110879.40","B":"15.588","a":"110879.50","A":"4.703","T":1757096864401,"E":1757096864401}
{"e":"bookTicker","u":8522542188794,"s":"BTCUSDT","b":"110879.40","B":"15.619","a":"110879.50","A":"4.703","T":1757096864401,"E":1757096864402}
{"e":"bookTicker","u":8522542188823,"s":"BTCUSDT","b":"110879.40","B":"15.618","a":"110879.50","A":"4.703","T":1757096864402,"E":1757096864402}
{"e":"bookTicker","u":8522542188863,"s":"BTCUSDT","b":"110879.40","B":"15.669","a":"110879.50","A":"4.703","T":1757096864402,"E":1757096864402}
{"e":"bookTicker","u":8522542188882,"s":"BTCUSDT","b":"110879.40","B":"15.638","a":"110879.50","A":"4.703","T":1757096864402,"E":1757096864403}
{"e":"bookTicker","u":8522542189086,"s":"BTCUSDT","b":"110879.40","B":"15.632","a":"110879.50","A":"4.703","T":1757096864404,"E":1757096864404}
{"e":"bookTicker","u":8522542189115,"s":"BTCUSDT","b":"110879.40","B":"15.638","a":"110879.50","A":"4.703","T":1757096864404,"E":1757096864404}
{"e":"bookTicker","u":8522542189278,"s":"BTCUSDT","b":"110879.40","B":"15.638","a":"110879.50","A":"4.701","T":1757096864406,"E":1757096864406}
{"e":"bookTicker","u":8522542189299,"s":"BTCUSDT","b":"110879.40","B":"15.638","a":"110879.50","A":"4.703","T":1757096864407,"E":1757096864407}
{"e":"bookTicker","u":8522542189459,"s":"BTCUSDT","b":"110879.40","B":"15.639","a":"110879.50","A":"4.703","T":1757096864409,"E":1757096864409}
{"e":"bookTicker","u":8522542189740,"s":"BTCUSDT","b":"110879.40","B":"15.639","a":"110879.50","A":"4.704","T":1757096864416,"E":1757096864416}
{"e":"bookTicker","u":8522542189750,"s":"BTCUSDT","b":"110879.40","B":"15.640","a":"110879.50","A":"4.704","T":1757096864416,"E":1757096864416}
{"e":"bookTicker","u":8522542189776,"s":"BTCUSDT","b":"110879.40","B":"15.640","a":"110879.50","A":"4.703","T":1757096864417,"E":1757096864417}
{"e":"bookTicker","u":8522542189813,"s":"BTCUSDT","b":"110879.40","B":"15.639","a":"110879.50","A":"4.703","T":1757096864418,"E":1757096864418}
{"e":"bookTicker","u":8522542189875,"s":"BTCUSDT","b":"110879.40","B":"15.638","a":"110879.50","A":"4.703","T":1757096864420,"E":1757096864420}
{"e":"bookTicker","u":8522542191616,"s":"BTCUSDT","b":"110879.40","B":"15.638","a":"110879.50","A":"4.704","T":1757096864466,"E":1757096864466}
{"e":"bookTicker","u":8522542191624,"s":"BTCUSDT","b":"110879.40","B":"15.639","a":"110879.50","A":"4.704","T":1757096864466,"E":1757096864466}
{"e":"bookTicker","u":8522542191642,"s":"BTCUSDT","b":"110879.40","B":"15.639","a":"110879.50","A":"4.703","T":1757096864467,"E":1757096864467}
{"e":"bookTicker","u":8522542191647,"s":"BTCUSDT","b":"110879.40","B":"15.638","a":"110879.50","A":"4.703","T":1757096864467,"E":1757096864467}
{"e":"bookTicker","u":8522542191729,"s":"BTCUSDT","b":"110879.40","B":"15.638","a":"110879.50","A":"4.705","T":1757096864468,"E":1757096864468}
{"e":"bookTicker","u":8522542191853,"s":"BTCUSDT","b":"110879.40","B":"15.640","a":"110879.50","A":"4.705","T":1757096864470,"E":1757096864471}
{"e":"bookTicker","u":8522542192341,"s":"BTCUSDT","b":"110879.40","B":"14.388","a":"110879.50","A":"4.705","T":1757096864481,"E":1757096864482}
{"e":"bookTicker","u":8522542193206,"s":"BTCUSDT","b":"110879.40","B":"14.391","a":"110879.50","A":"4.705","T":1757096864502,"E":1757096864502}
{"e":"bookTicker","u":8522542193907,"s":"BTCUSDT","b":"110879.40","B":"14.392","a":"110879.50","A":"4.705","T":1757096864516,"E":1757096864516}
{"e":"bookTicker","u":8522542193919,"s":"BTCUSDT","b":"110879.40","B":"14.392","a":"110879.50","A":"4.706","T":1757096864516,"E":1757096864516}
{"e":"bookTicker","u":8522542193939,"s":"BTCUSDT","b":"110879.40","B":"14.391","a":"110879.50","A":"4.706","T":1757096864517,"E":1757096864517}
{"e":"bookTicker","u":8522542193960,"s":"BTCUSDT","b":"110879.40","B":"14.391","a":"110879.50","A":"4.705","T":1757096864518,"E":1757096864518}
{"e":"bookTicker","u":8522542194883,"s":"BTCUSDT","b":"110879.40","B":"13.514","a":"110879.50","A":"4.705","T":1757096864544,"E":1757096864544}
{"e":"bookTicker","u":8522542195249,"s":"BTCUSDT","b":"110879.40","B":"14.133","a":"110879.50","A":"4.705","T":1757096864551,"E":1757096864551}
{"e":"bookTicker","u":8522542195277,"s":"BTCUSDT","b":"110879.40","B":"14.133","a":"110879.50","A":"4.955","T":1757096864552,"E":1757096864552}
{"e":"bookTicker","u":8522542195333,"s":"BTCUSDT","b":"110879.40","B":"14.127","a":"110879.50","A":"4.955","T":1757096864553,"E":1757096864554}
{"e":"bookTicker","u":8522542195344,"s":"BTCUSDT","b":"110879.40","B":"14.127","a":"110879.50","A":"4.953","T":1757096864554,"E":1757096864554}
{"e":"bookTicker","u":8522542195345,"s":"BTCUSDT","b":"110879.40","B":"14.133","a":"110879.50","A":"4.953","T":1757096864554,"E":1757096864554}
{"e":"bookTicker","u":8522542195359,"s":"BTCUSDT","b":"110879.40","B":"14.133","a":"110879.50","A":"4.955","T":1757096864554,"E":1757096864554}
{"e":"bookTicker","u":8522542195909,"s":"BTCUSDT","b":"110879.40","B":"14.134","a":"110879.50","A":"4.955","T":1757096864566,"E":1757096864566}
{"e":"bookTicker","u":8522542195911,"s":"BTCUSDT","b":"110879.40","B":"14.134","a":"110879.50","A":"4.956","T":1757096864566,"E":1757096864566}
{"e":"bookTicker","u":8522542195922,"s":"BTCUSDT","b":"110879.40","B":"14.133","a":"110879.50","A":"4.956","T":1757096864567,"E":1757096864567}
{"e":"bookTicker","u":8522542195937,"s":"BTCUSDT","b":"110879.40","B":"14.133","a":"110879.50","A":"4.955","T":1757096864567,"E":1757096864567}
{"e":"bookTicker","u":8522542195954,"s":"BTCUSDT","b":"110879.40","B":"14.133","a":"110879.50","A":"4.953","T":1757096864567,"E":1757096864568}
{"e":"bookTicker","u":8522542195957,"s":"BTCUSDT","b":"110879.40","B":"14.133","a":"110879.50","A":"4.955","T":1757096864568,"E":1757096864568}
{"e":"bookTicker","u":8522542198019,"s":"BTCUSDT","b":"110879.40","B":"14.133","a":"110879.50","A":"4.956","T":1757096864616,"E":1757096864616}
{"e":"bookTicker","u":8522542198026,"s":"BTCUSDT","b":"110879.40","B":"14.134","a":"110879.50","A":"4.956","T":1757096864616,"E":1757096864616}
{"e":"bookTicker","u":8522542198060,"s":"BTCUSDT","b":"110879.40","B":"14.134","a":"110879.50","A":"4.955","T":1757096864618,"E":1757096864618}
{"e":"bookTicker","u":8522542198065,"s":"BTCUSDT","b":"110879.40","B":"14.133","a":"110879.50","A":"4.955","T":1757096864618,"E":1757096864618}
{"e":"bookTicker","u":8522542198514,"s":"BTCUSDT","b":"110879.40","B":"14.136","a":"110879.50","A":"4.955","T":1757096864633,"E":1757096864633}
{"e":"bookTicker","u":8522542199626,"s":"BTCUSDT","b":"110879.40","B":"14.136","a":"110879.50","A":"4.956","T":1757096864666,"E":1757096864666}
{"e":"bookTicker","u":8522542199639,"s":"BTCUSDT","b":"110879.40","B":"14.137","a":"110879.50","A":"4.956","T":1757096864666,"E":1757096864666}
{"e":"bookTicker","u":8522542199676,"s":"BTCUSDT","b":"110879.40","B":"14.137","a":"110879.50","A":"4.955","T":1757096864667,"E":1757096864667}
{"e":"bookTicker","u":8522542199690,"s":"BTCUSDT","b":"110879.40","B":"14.136","a":"110879.50","A":"4.955","T":1757096864667,"E":1757096864667}
{"e":"bookTicker","u":8522542200891,"s":"BTCUSDT","b":"110879.40","B":"14.136","a":"110879.50","A":"4.942","T":1757096864694,"E":1757096864694}
{"e":"bookTicker","u":8522542200956,"s":"BTCUSDT","b":"110879.40","B":"14.136","a":"110879.50","A":"4.626","T":1757096864695,"E":1757096864695}
{"e":"bookTicker","u":8522542201332,"s":"BTCUSDT","b":"110879.40","B":"14.136","a":"110879.50","A":"3.403","T":1757096864703,"E":1757096864703}
{"e":"bookTicker","u":8522542201487,"s":"BTCUSDT","b":"110879.40","B":"14.136","a":"110879.50","A":"3.995","T":1757096864705,"E":1757096864706}
{"e":"bookTicker","u":8522542201582,"s":"BTCUSDT","b":"110879.40","B":"14.137","a":"110879.50","A":"3.995","T":1757096864706,"E":1757096864707}
{"e":"bookTicker","u":8522542201630,"s":"BTCUSDT","b":"110879.40","B":"14.137","a":"110879.50","A":"3.993","T":1757096864707,"E":1757096864707}
{"e":"bookTicker","u":8522542201639,"s":"BTCUSDT","b":"110879.40","B":"14.137","a":"110879.50","A":"3.995","T":1757096864707,"E":1757096864708}
{"e":"bookTicker","u":8522542201689,"s":"BTCUSDT","b":"110879.40","B":"14.137","a":"110879.50","A":"5.218","T":1757096864708,"E":1757096864709}
{"e":"bookTicker","u":8522542201707,"s":"BTCUSDT","b":"110879.40","B":"14.136","a":"110879.50","A":"5.218","T":1757096864709,"E":1757096864709}
{"e":"bookTicker","u":8522542201734,"s":"BTCUSDT","b":"110879.40","B":"14.137","a":"110879.50","A":"5.218","T":1757096864709,"E":1757096864709}
{"e":"bookTicker","u":8522542201875,"s":"BTCUSDT","b":"110879.40","B":"14.136","a":"110879.50","A":"5.218","T":1757096864712,"E":1757096864712}
{"e":"bookTicker","u":8522542201979,"s":"BTCUSDT","b":"110879.40","B":"14.136","a":"110879.50","A":"5.216","T":1757096864714,"E":1757096864714}
{"e":"bookTicker","u":8522542202008,"s":"BTCUSDT","b":"110879.40","B":"14.136","a":"110879.50","A":"5.218","T":1757096864714,"E":1757096864715}
{"e":"bookTicker","u":8522542202046,"s":"BTCUSDT","b":"110879.40","B":"14.136","a":"110879.50","A":"5.219","T":1757096864716,"E":1757096864716}
{"e":"bookTicker","u":8522542202051,"s":"BTCUSDT","b":"110879.40","B":"14.137","a":"110879.50","A":"5.219","T":1757096864716,"E":1757096864716}
{"e":"bookTicker","u":8522542202078,"s":"BTCUSDT","b":"110879.40","B":"14.137","a":"110879.50","A":"5.218","T":1757096864717,"E":1757096864717}
{"e":"bookTicker","u":8522542202102,"s":"BTCUSDT","b":"110879.40","B":"14.136","a":"110879.50","A":"5.218","T":1757096864718,"E":1757096864718}
{"e":"bookTicker","u":8522542202704,"s":"BTCUSDT","b":"110879.40","B":"14.136","a":"110879.50","A":"5.538","T":1757096864737,"E":1757096864737}
{"e":"bookTicker","u":8522542202732,"s":"BTCUSDT","b":"110879.40","B":"14.136","a":"110879.50","A":"5.536","T":1757096864738,"E":1757096864738}
{"e":"bookTicker","u":8522542202739,"s":"BTCUSDT","b":"110879.40","B":"14.136","a":"110879.50","A":"5.538","T":1757096864738,"E":1757096864739}
{"e":"bookTicker","u":8522542203482,"s":"BTCUSDT","b":"110879.40","B":"14.136","a":"110879.50","A":"5.536","T":1757096864761,"E":1757096864761}
{"e":"bookTicker","u":8522542203492,"s":"BTCUSDT","b":"110879.40","B":"14.136","a":"110879.50","A":"5.538","T":1757096864761,"E":1757096864761}
{"e":"bookTicker","u":8522542203641,"s":"BTCUSDT","b":"110879.40","B":"14.137","a":"110879.50","A":"5.538","T":1757096864766,"E":1757096864766}
{"e":"bookTicker","u":8522542203642,"s":"BTCUSDT","b":"110879.40","B":"14.137","a":"110879.50","A":"5.539","T":1757096864766,"E":1757096864766}
{"e":"bookTicker","u":8522542203664,"s":"BTCUSDT","b":"110879.40","B":"14.136","a":"110879.50","A":"5.539","T":1757096864767,"E":1757096864767}
{"e":"bookTicker","u":8522542203686,"s":"BTCUSDT","b":"110879.40","B":"14.136","a":"110879.50","A":"5.538","T":1757096864767,"E":1757096864768}
{"e":"bookTicker","u":8522542204668,"s":"BTCUSDT","b":"110879.40","B":"14.134","a":"110879.50","A":"5.538","T":1757096864791,"E":1757096864791}
{"e":"bookTicker","u":8522542205748,"s":"BTCUSDT","b":"110879.40","B":"14.134","a":"110879.50","A":"5.539","T":1757096864816,"E":1757096864816}
{"e":"bookTicker","u":8522542205756,"s":"BTCUSDT","b":"110879.40","B":"14.135","a":"110879.50","A":"5.539","T":1757096864816,"E":1757096864816}
{"e":"bookTicker","u":8522542205810,"s":"BTCUSDT","b":"110879.40","B":"14.135","a":"110879.50","A":"5.538","T":1757096864818,"E":1757096864818}
{"e":"bookTicker","u":8522542205814,"s":"BTCUSDT","b":"110879.40","B":"14.134","a":"110879.50","A":"5.538","T":1757096864818,"E":1757096864818}
{"e":"bookTicker","u":8522542208283,"s":"BTCUSDT","b":"110879.40","B":"14.134","a":"110879.50","A":"5.539","T":1757096864866,"E":1757096864866}
{"e":"bookTicker","u":8522542208289,"s":"BTCUSDT","b":"110879.40","B":"14.135","a":"110879.50","A":"5.539","T":1757096864866,"E":1757096864866}
{"e":"bookTicker","u":8522542208292,"s":"BTCUSDT","b":"110879.40","B":"14.135","a":"110879.50","A":"5.219","T":1757096864866,"E":1757096864866}
{"e":"bookTicker","u":8522542208314,"s":"BTCUSDT","b":"110879.40","B":"14.135","a":"110879.50","A":"5.218","T":1757096864867,"E":1757096864867}
{"e":"bookTicker","u":8522542208331,"s":"BTCUSDT","b":"110879.40","B":"14.134","a":"110879.50","A":"5.218","T":1757096864867,"E":1757096864868}
{"e":"bookTicker","u":8522542208651,"s":"BTCUSDT","b":"110879.40","B":"14.134","a":"110879.50","A":"4.968","T":1757096864876,"E":1757096864876}
{"e":"bookTicker","u":8522542210003,"s":"BTCUSDT","b":"110879.40","B":"14.134","a":"110879.50","A":"3.745","T":1757096864907,"E":1757096864908}
{"e":"bookTicker","u":8522542210133,"s":"BTCUSDT","b":"110879.40","B":"14.134","a":"110879.50","A":"3.743","T":1757096864909,"E":1757096864910}
{"e":"bookTicker","u":8522542210197,"s":"BTCUSDT","b":"110879.40","B":"14.135","a":"110879.50","A":"3.743","T":1757096864911,"E":1757096864911}
{"e":"bookTicker","u":8522542210272,"s":"BTCUSDT","b":"110879.40","B":"14.135","a":"110879.50","A":"3.745","T":1757096864912,"E":1757096864912}
{"e":"bookTicker","u":8522542210466,"s":"BTCUSDT","b":"110879.40","B":"14.135","a":"110879.50","A":"3.746","T":1757096864916,"E":1757096864916}
{"e":"bookTicker","u":8522542210475,"s":"BTCUSDT","b":"110879.40","B":"14.136","a":"110879.50","A":"3.746","T":1757096864916,"E":1757096864916}
{"e":"bookTicker","u":8522542210558,"s":"BTCUSDT","b":"110879.40","B":"14.136","a":"110879.50","A":"3.745","T":1757096864918,"E":1757096864918}
{"e":"bookTicker","u":8522542210564,"s":"BTCUSDT","b":"110879.40","B":"14.135","a":"110879.50","A":"3.745","T":1757096864918,"E":1757096864918}
{"e":"bookTicker","u":8522542211447,"s":"BTCUSDT","b":"110879.40","B":"14.135","a":"110879.50","A":"4.968","T":1757096864941,"E":1757096864941}
{"e":"bookTicker","u":8522542211519,"s":"BTCUSDT","b":"110879.40","B":"14.135","a":"110879.50","A":"4.966","T":1757096864942,"E":1757096864942}
{"e":"bookTicker","u":8522542211529,"s":"BTCUSDT","b":"110879.40","B":"14.135","a":"110879.50","A":"4.968","T":1757096864943,"E":1757096864943}
{"e":"bookTicker","u":8522542211570,"s":"BTCUSDT","b":"110879.40","B":"14.135","a":"110879.50","A":"4.795","T":1757096864943,"E":1757096864944}
{"e":"bookTicker","u":8522542211576,"s":"BTCUSDT","b":"110879.40","B":"14.134","a":"110879.50","A":"4.795","T":1757096864944,"E":1757096864944}
{"e":"bookTicker","u":8522542211631,"s":"BTCUSDT","b":"110879.40","B":"14.134","a":"110879.50","A":"4.798","T":1757096864945,"E":1757096864945}
{"e":"bookTicker","u":8522542211694,"s":"BTCUSDT","b":"110879.40","B":"14.134","a":"110879.50","A":"4.799","T":1757096864946,"E":1757096864946}
{"e":"bookTicker","u":8522542211710,"s":"BTCUSDT","b":"110879.40","B":"14.134","a":"110879.50","A":"4.800","T":1757096864946,"E":1757096864946}
{"e":"bookTicker","u":8522542211745,"s":"BTCUSDT","b":"110879.40","B":"14.135","a":"110879.50","A":"4.800","T":1757096864946,"E":1757096864946}
{"e":"bookTicker","u":8522542211850,"s":"BTCUSDT","b":"110879.40","B":"14.135","a":"110879.50","A":"4.801","T":1757096864947,"E":1757096864948}
{"e":"bookTicker","u":8522542211853,"s":"BTCUSDT","b":"110879.40","B":"14.135","a":"110879.50","A":"4.802","T":1757096864948,"E":1757096864948}
{"e":"bookTicker","u":8522542211860,"s":"BTCUSDT","b":"110879.40","B":"14.135","a":"110879.50","A":"4.803","T":1757096864948,"E":1757096864948}
{"e":"bookTicker","u":8522542212418,"s":"BTCUSDT","b":"110879.40","B":"14.136","a":"110879.50","A":"4.803","T":1757096864966,"E":1757096864966}
{"e":"bookTicker","u":8522542212423,"s":"BTCUSDT","b":"110879.40","B":"14.136","a":"110879.50","A":"4.804","T":1757096864966,"E":1757096864966}
{"e":"bookTicker","u":8522542212453,"s":"BTCUSDT","b":"110879.40","B":"14.135","a":"110879.50","A":"4.804","T":1757096864967,"E":1757096864967}
{"e":"bookTicker","u":8522542212464,"s":"BTCUSDT","b":"110879.40","B":"14.135","a":"110879.50","A":"4.803","T":1757096864967,"E":1757096864968}
{"e":"bookTicker","u":8522542213183,"s":"BTCUSDT","b":"110879.40","B":"14.108","a":"110879.50","A":"4.803","T":1757096864994,"E":1757096864994}
{"e":"bookTicker","u":8522542213194,"s":"BTCUSDT","b":"110879.40","B":"14.089","a":"110879.50","A":"4.803","T":1757096864994,"E":1757096864994}
{"e":"bookTicker","u":8522542214523,"s":"BTCUSDT","b":"110879.40","B":"14.090","a":"110879.50","A":"4.803","T":1757096865016,"E":1757096865016}
{"e":"bookTicker","u":8522542214534,"s":"BTCUSDT","b":"110879.40","B":"14.090","a":"110879.50","A":"4.804","T":1757096865016,"E":1757096865016}
{"e":"bookTicker","u":8522542214585,"s":"BTCUSDT","b":"110879.40","B":"14.089","a":"110879.50","A":"4.804","T":1757096865017,"E":1757096865017}
{"e":"bookTicker","u":8522542214618,"s":"BTCUSDT","b":"110879.40","B":"14.089","a":"110879.50","A":"4.803","T":1757096865018,"E":1757096865018}
{"e":"bookTicker","u":8522542214647,"s":"BTCUSDT","b":"110879.40","B":"14.089","a":"110879.50","A":"4.804","T":1757096865019,"E":1757096865019}
{"e":"bookTicker","u":8522542214682,"s":"BTCUSDT","b":"110879.40","B":"14.089","a":"110879.50","A":"4.805","T":1757096865020,"E":1757096865020}
{"e":"bookTicker","u":8522542215285,"s":"BTCUSDT","b":"110879.40","B":"14.089","a":"110879.50","A":"5.149","T":1757096865037,"E":1757096865037}
{"e":"bookTicker","u":8522542215372,"s":"BTCUSDT","b":"110879.40","B":"14.089","a":"110879.50","A":"5.147","T":1757096865039,"E":1757096865039}
{"e":"bookTicker","u":8522542215385,"s":"BTCUSDT","b":"110879.40","B":"14.089","a":"110879.50","A":"5.149","T":1757096865039,"E":1757096865039}
{"e":"bookTicker","u":8522542215783,"s":"BTCUSDT","b":"110879.40","B":"14.089","a":"110879.50","A":"5.486","T":1757096865048,"E":1757096865048}
{"e":"bookTicker","u":8522542215785,"s":"BTCUSDT","b":"110879.40","B":"14.179","a":"110879.50","A":"5.486","T":1757096865048,"E":1757096865048}
{"e":"bookTicker","u":8522542215835,"s":"BTCUSDT","b":"110879.40","B":"13.829","a":"110879.50","A":"5.486","T":1757096865049,"E":1757096865049}
{"e":"bookTicker","u":8522542215856,"s":"BTCUSDT","b":"110879.40","B":"13.829","a":"110879.50","A":"5.484","T":1757096865049,"E":1757096865049}
{"e":"bookTicker","u":8522542215871,"s":"BTCUSDT","b":"110879.40","B":"13.829","a":"110879.50","A":"5.486","T":1757096865049,"E":1757096865050}
{"e":"bookTicker","u":8522542215933,"s":"BTCUSDT","b":"110879.40","B":"13.827","a":"110879.50","A":"5.486","T":1757096865051,"E":1757096865051}
{"e":"bookTicker","u":8522542215943,"s":"BTCUSDT","b":"110879.40","B":"13.829","a":"110879.50","A":"5.486","T":1757096865051,"E":1757096865051}
{"e":"bookTicker","u":8522542216669,"s":"BTCUSDT","b":"110879.40","B":"13.830","a":"110879.50","A":"5.486","T":1757096865066,"E":1757096865066}
{"e":"bookTicker","u":8522542216680,"s":"BTCUSDT","b":"110879.40","B":"13.830","a":"110879.50","A":"5.487","T":1757096865066,"E":1757096865066}
{"e":"bookTicker","u":8522542216709,"s":"BTCUSDT","b":"110879.40","B":"13.829","a":"110879.50","A":"5.487","T":1757096865067,"E":1757096865067}
{"e":"bookTicker","u":8522542216716,"s":"BTCUSDT","b":"110879.40","B":"13.829","a":"110879.50","A":"5.486","T":1757096865068,"E":1757096865068}
{"e":"bookTicker","u":8522542218436,"s":"BTCUSDT","b":"110879.40","B":"13.830","a":"110879.50","A":"5.486","T":1757096865116,"E":1757096865116}
{"e":"bookTicker","u":8522542218442,"s":"BTCUSDT","b":"110879.40","B":"13.830","a":"110879.50","A":"5.487","T":1757096865116,"E":1757096865116}
{"e":"bookTicker","u":8522542218450,"s":"BTCUSDT","b":"110879.40","B":"13.829","a":"110879.50","A":"5.487","T":1757096865117,"E":1757096865117}
{"e":"bookTicker","u":8522542218461,"s":"BTCUSDT","b":"110879.40","B":"13.829","a":"110879.50","A":"5.486","T":1757096865117,"E":1757096865117}
{"e":"bookTicker","u":8522542218467,"s":"BTCUSDT","b":"110879.40","B":"13.786","a":"110879.50","A":"5.486","T":1757096865117,"E":1757096865118}
{"e":"bookTicker","u":8522542218563,"s":"BTCUSDT","b":"110879.40","B":"13.786","a":"110879.50","A":"5.488","T":1757096865121,"E":1757096865122}
{"e":"bookTicker","u":8522542219313,"s":"BTCUSDT","b":"110879.40","B":"13.786","a":"110879.50","A":"5.491","T":1757096865152,"E":1757096865152}
{"e":"bookTicker","u":8522542219983,"s":"BTCUSDT","b":"110879.40","B":"13.786","a":"110879.50","A":"5.492","T":1757096865166,"E":1757096865166}
{"e":"bookTicker","u":8522542220029,"s":"BTCUSDT","b":"110879.40","B":"13.787","a":"110879.50","A":"5.492","T":1757096865166,"E":1757096865167}
{"e":"bookTicker","u":8522542220140,"s":"BTCUSDT","b":"110879.40","B":"13.787","a":"110879.50","A":"5.491","T":1757096865167,"E":1757096865168}
{"e":"bookTicker","u":8522542220183,"s":"BTCUSDT","b":"110879.40","B":"13.786","a":"110879.50","A":"5.491","T":1757096865168,"E":1757096865168}
{"e":"bookTicker","u":8522542220642,"s":"BTCUSDT","b":"110879.40","B":"13.786","a":"110879.50","A":"5.470","T":1757096865182,"E":1757096865182}
{"e":"bookTicker","u":8522542221492,"s":"BTCUSDT","b":"110879.40","B":"13.786","a":"110879.50","A":"5.133","T":1757096865206,"E":1757096865206}
{"e":"bookTicker","u":8522542221614,"s":"BTCUSDT","b":"110879.40","B":"13.786","a":"110879.50","A":"4.789","T":1757096865208,"E":1757096865208}
{"e":"bookTicker","u":8522542221639,"s":"BTCUSDT","b":"110879.40","B":"13.786","a":"110879.50","A":"3.566","T":1757096865208,"E":1757096865208}
{"e":"bookTicker","u":8522542221729,"s":"BTCUSDT","b":"110879.40","B":"13.786","a":"110879.50","A":"3.564","T":1757096865210,"E":1757096865210}
{"e":"bookTicker","u":8522542221739,"s":"BTCUSDT","b":"110879.40","B":"13.786","a":"110879.50","A":"3.566","T":1757096865210,"E":1757096865210}
{"e":"bookTicker","u":8522542221763,"s":"BTCUSDT","b":"110879.40","B":"13.787","a":"110879.50","A":"3.566","T":1757096865211,"E":1757096865211}
{"e":"bookTicker","u":8522542221767,"s":"BTCUSDT","b":"110879.40","B":"13.787","a":"110879.50","A":"3.674","T":1757096865211,"E":1757096865211}
{"e":"bookTicker","u":8522542221908,"s":"BTCUSDT","b":"110879.40","B":"14.014","a":"110879.50","A":"3.674","T":1757096865213,"E":1757096865213}
{"e":"bookTicker","u":8522542221996,"s":"BTCUSDT","b":"110879.40","B":"14.008","a":"110879.50","A":"3.674","T":1757096865215,"E":1757096865215}
{"e":"bookTicker","u":8522542222003,"s":"BTCUSDT","b":"110879.40","B":"14.014","a":"110879.50","A":"3.674","T":1757096865215,"E":1757096865215}
{"e":"bookTicker","u":8522542222066,"s":"BTCUSDT","b":"110879.40","B":"14.015","a":"110879.50","A":"3.674","T":1757096865216,"E":1757096865216}
{"e":"bookTicker","u":8522542222073,"s":"BTCUSDT","b":"110879.40","B":"14.015","a":"110879.50","A":"3.675","T":1757096865216,"E":1757096865217}
{"e":"bookTicker","u":8522542222103,"s":"BTCUSDT","b":"110879.40","B":"14.014","a":"110879.50","A":"3.675","T":1757096865217,"E":1757096865217}
{"e":"bookTicker","u":8522542222112,"s":"BTCUSDT","b":"110879.40","B":"14.014","a":"110879.50","A":"3.674","T":1757096865218,"E":1757096865218}
{"e":"bookTicker","u":8522542222909,"s":"BTCUSDT","b":"110879.40","B":"14.052","a":"110879.50","A":"3.674","T":1757096865242,"E":1757096865242}
{"e":"bookTicker","u":8522542222962,"s":"BTCUSDT","b":"110879.40","B":"14.046","a":"110879.50","A":"3.674","T":1757096865243,"E":1757096865243}
{"e":"bookTicker","u":8522542222991,"s":"BTCUSDT","b":"110879.40","B":"14.052","a":"110879.50","A":"3.674","T":1757096865243,"E":1757096865243}
{"e":"bookTicker","u":8522542223059,"s":"BTCUSDT","b":"110879.40","B":"14.052","a":"110879.50","A":"4.897","T":1757096865244,"E":1757096865244}
{"e":"bookTicker","u":8522542223112,"s":"BTCUSDT","b":"110879.40","B":"14.052","a":"110879.50","A":"3.674","T":1757096865245,"E":1757096865245}
{"e":"bookTicker","u":8522542223166,"s":"BTCUSDT","b":"110879.40","B":"14.052","a":"110879.50","A":"3.672","T":1757096865246,"E":1757096865246}
{"e":"bookTicker","u":8522542223188,"s":"BTCUSDT","b":"110879.40","B":"14.052","a":"110879.50","A":"3.674","T":1757096865246,"E":1757096865246}
{"e":"bookTicker","u":8522542223225,"s":"BTCUSDT","b":"110879.40","B":"14.051","a":"110879.50","A":"3.674","T":1757096865247,"E":1757096865247}
{"e":"bookTicker","u":8522542223322,"s":"BTCUSDT","b":"110879.40","B":"14.052","a":"110879.50","A":"3.674","T":1757096865248,"E":1757096865249}
{"e":"bookTicker","u":8522542223328,"s":"BTCUSDT","b":"110879.40","B":"13.825","a":"110879.50","A":"3.674","T":1757096865248,"E":1757096865249}
{"e":"bookTicker","u":8522542223345,"s":"BTCUSDT","b":"110879.40","B":"13.844","a":"110879.50","A":"3.674","T":1757096865249,"E":1757096865249}
{"e":"bookTicker","u":8522542223495,"s":"BTCUSDT","b":"110879.40","B":"14.071","a":"110879.50","A":"3.674","T":1757096865255,"E":1757096865255}
{"e":"bookTicker","u":8522542223522,"s":"BTCUSDT","b":"110879.40","B":"14.065","a":"110879.50","A":"3.674","T":1757096865256,"E":1757096865256}
{"e":"bookTicker","u":8522542223527,"s":"BTCUSDT","b":"110879.40","B":"14.071","a":"110879.50","A":"3.674","T":1757096865256,"E":1757096865257}
{"e":"bookTicker","u":8522542223812,"s":"BTCUSDT","b":"110879.40","B":"14.065","a":"110879.50","A":"3.674","T":1757096865264,"E":1757096865264}
{"e":"bookTicker","u":8522542223821,"s":"BTCUSDT","b":"110879.40","B":"14.071","a":"110879.50","A":"3.674","T":1757096865264,"E":1757096865264}
{"e":"bookTicker","u":8522542223894,"s":"BTCUSDT","b":"110879.40","B":"14.071","a":"110879.50","A":"3.675","T":1757096865266,"E":1757096865267}
{"e":"bookTicker","u":8522542223895,"s":"BTCUSDT","b":"110879.40","B":"14.072","a":"110879.50","A":"3.675","T":1757096865266,"E":1757096865267}
{"e":"bookTicker","u":8522542223985,"s":"BTCUSDT","b":"110879.40","B":"14.072","a":"110879.50","A":"3.674","T":1757096865267,"E":1757096865268}
{"e":"bookTicker","u":8522542224002,"s":"BTCUSDT","b":"110879.40","B":"14.071","a":"110879.50","A":"3.674","T":1757096865268,"E":1757096865268}
{"e":"bookTicker","u":8522542226096,"s":"BTCUSDT","b":"110879.40","B":"14.072","a":"110879.50","A":"3.674","T":1757096865316,"E":1757096865316}
{"e":"bookTicker","u":8522542226105,"s":"BTCUSDT","b":"110879.40","B":"14.072","a":"110879.50","A":"3.675","T":1757096865316,"E":1757096865317}
{"e":"bookTicker","u":8522542226135,"s":"BTCUSDT","b":"110879.40","B":"14.071","a":"110879.50","A":"3.675","T":1757096865317,"E":1757096865317}
{"e":"bookTicker","u":8522542226149,"s":"BTCUSDT","b":"110879.40","B":"14.071","a":"110879.50","A":"3.674","T":1757096865318,"E":1757096865318}
{"e":"bookTicker","u":8522542228709,"s":"BTCUSDT","b":"110879.40","B":"14.071","a":"110879.50","A":"3.675","T":1757096865366,"E":1757096865366}
{"e":"bookTicker","u":8522542228715,"s":"BTCUSDT","b":"110879.40","B":"14.072","a":"110879.50","A":"3.675","T":1757096865366,"E":1757096865367}
{"e":"bookTicker","u":8522542228734,"s":"BTCUSDT","b":"110879.40","B":"14.072","a":"110879.50","A":"3.674","T":1757096865367,"E":1757096865367}
{"e":"bookTicker","u":8522542228750,"s":"BTCUSDT","b":"110879.40","B":"14.071","a":"110879.50","A":"3.674","T":1757096865368,"E":1757096865368}
{"e":"bookTicker","u":8522542229915,"s":"BTCUSDT","b":"110879.40","B":"14.067","a":"110879.50","A":"3.674","T":1757096865402,"E":1757096865402}
{"e":"bookTicker","u":8522542230129,"s":"BTCUSDT","b":"110879.40","B":"14.072","a":"110879.50","A":"3.674","T":1757096865406,"E":1757096865406}
{"e":"bookTicker","u":8522542230496,"s":"BTCUSDT","b":"110879.40","B":"14.072","a":"110879.50","A":"3.675","T":1757096865416,"E":1757096865416}
{"e":"bookTicker","u":8522542230499,"s":"BTCUSDT","b":"110879.40","B":"14.073","a":"110879.50","A":"3.675","T":1757096865416,"E":1757096865417}
{"e":"bookTicker","u":8522542230521,"s":"BTCUSDT","b":"110879.40","B":"14.073","a":"110879.50","A":"3.674","T":1757096865417,"E":1757096865417}
{"e":"bookTicker","u":8522542230530,"s":"BTCUSDT","b":"110879.40","B":"14.072","a":"110879.50","A":"3.674","T":1757096865418,"E":1757096865418}
{"e":"bookTicker","u":8522542230616,"s":"BTCUSDT","b":"110879.40","B":"14.021","a":"110879.50","A":"3.674","T":1757096865419,"E":1757096865419}
{"e":"bookTicker","u":8522542232095,"s":"BTCUSDT","b":"110879.40","B":"14.074","a":"110879.50","A":"3.674","T":1757096865462,"E":1757096865463}
{"e":"bookTicker","u":8522542232274,"s":"BTCUSDT","b":"110879.40","B":"14.074","a":"110879.50","A":"3.675","T":1757096865466,"E":1757096865466}
{"e":"bookTicker","u":8522542232278,"s":"BTCUSDT","b":"110879.40","B":"14.075","a":"110879.50","A":"3.675","T":1757096865466,"E":1757096865467}
{"e":"bookTicker","u":8522542232304,"s":"BTCUSDT","b":"110879.40","B":"14.075","a":"110879.50","A":"3.674","T":1757096865468,"E":1757096865468}
{"e":"bookTicker","u":8522542232309,"s":"BTCUSDT","b":"110879.40","B":"14.074","a":"110879.50","A":"3.674","T":1757096865468,"E":1757096865468}
{"e":"bookTicker","u":8522542234146,"s":"BTCUSDT","b":"110879.40","B":"14.074","a":"110879.50","A":"4.002","T":1757096865505,"E":1757096865505}
{"e":"bookTicker","u":8522542234237,"s":"BTCUSDT","b":"110879.40","B":"14.074","a":"110879.50","A":"4.000","T":1757096865507,"E":1757096865507}
{"e":"bookTicker","u":8522542234262,"s":"BTCUSDT","b":"110879.40","B":"14.074","a":"110879.50","A":"4.002","T":1757096865507,"E":1757096865507}
{"e":"bookTicker","u":8522542234290,"s":"BTCUSDT","b":"110879.40","B":"14.073","a":"110879.50","A":"4.002","T":1757096865508,"E":1757096865508}
{"e":"bookTicker","u":8522542234315,"s":"BTCUSDT","b":"110879.40","B":"14.073","a":"110879.50","A":"5.225","T":1757096865508,"E":1757096865508}
{"e":"bookTicker","u":8522542234369,"s":"BTCUSDT","b":"110879.40","B":"14.073","a":"110879.50","A":"5.223","T":1757096865510,"E":1757096865510}
{"e":"bookTicker","u":8522542234382,"s":"BTCUSDT","b":"110879.40","B":"14.073","a":"110879.50","A":"5.225","T":1757096865510,"E":1757096865510}
{"e":"bookTicker","u":8522542234458,"s":"BTCUSDT","b":"110879.40","B":"14.073","a":"110879.50","A":"5.223","T":1757096865512,"E":1757096865512}
{"e":"bookTicker","u":8522542234468,"s":"BTCUSDT","b":"110879.40","B":"14.073","a":"110879.50","A":"5.225","T":1757096865512,"E":1757096865512}
{"e":"bookTicker","u":8522542234483,"s":"BTCUSDT","b":"110879.40","B":"13.846","a":"110879.50","A":"5.225","T":1757096865512,"E":1757096865513}
{"e":"bookTicker","u":8522542234630,"s":"BTCUSDT","b":"110879.40","B":"13.846","a":"110879.50","A":"5.226","T":1757096865516,"E":1757096865516}
{"e":"bookTicker","u":8522542234636,"s":"BTCUSDT","b":"110879.40","B":"13.847","a":"110879.50","A":"5.226","T":1757096865516,"E":1757096865517}
{"e":"bookTicker","u":8522542234662,"s":"BTCUSDT","b":"110879.40","B":"13.847","a":"110879.50","A":"5.225","T":1757096865517,"E":1757096865517}
{"e":"bookTicker","u":8522542234670,"s":"BTCUSDT","b":"110879.40","B":"13.846","a":"110879.50","A":"5.225","T":1757096865518,"E":1757096865518}
{"e":"bookTicker","u":8522542234717,"s":"BTCUSDT","b":"110879.40","B":"13.846","a":"110879.50","A":"5.521","T":1757096865519,"E":1757096865519}
{"e":"bookTicker","u":8522542234754,"s":"BTCUSDT","b":"110879.40","B":"13.846","a":"110879.50","A":"5.519","T":1757096865520,"E":1757096865520}
{"e":"bookTicker","u":8522542234766,"s":"BTCUSDT","b":"110879.40","B":"13.846","a":"110879.50","A":"5.521","T":1757096865520,"E":1757096865520}
{"e":"bookTicker","u":8522542236156,"s":"BTCUSDT","b":"110879.40","B":"13.846","a":"110879.50","A":"5.522","T":1757096865566,"E":1757096865567}
