{"e":"bookTicker","u":8522539580095,"s":"BTCUSDT","b":"110827.50","B":"8.614","a":"110827.60","A":"10.960","T":1757096828484,"E":1757096828484}
{"e":"bookTicker","u":8522539580118,"s":"BTCUSDT","b":"110827.50","B":"8.617","a":"110827.60","A":"10.960","T":1757096828484,"E":1757096828484}
{"e":"bookTicker","u":8522539580140,"s":"BTCUSDT","b":"110827.50","B":"8.615","a":"110827.60","A":"10.960","T":1757096828484,"E":1757096828484}
{"e":"bookTicker","u":8522539580164,"s":"BTCUSDT","b":"110827.50","B":"8.615","a":"110827.60","A":"10.959","T":1757096828484,"E":1757096828485}
{"e":"bookTicker","u":8522539580240,"s":"BTCUSDT","b":"110827.50","B":"8.612","a":"110827.60","A":"10.959","T":1757096828486,"E":1757096828486}
{"e":"bookTicker","u":8522539580362,"s":"BTCUSDT","b":"110827.50","B":"8.614","a":"110827.60","A":"10.959","T":1757096828488,"E":1757096828488}
{"e":"bookTicker","u":8522539580542,"s":"BTCUSDT","b":"110827.50","B":"8.612","a":"110827.60","A":"10.959","T":1757096828491,"E":1757096828491}
{"e":"bookTicker","u":8522539581066,"s":"BTCUSDT","b":"110827.50","B":"8.615","a":"110827.60","A":"10.959","T":1757096828496,"E":1757096828497}
{"e":"bookTicker","u":8522539583249,"s":"BTCUSDT","b":"110827.50","B":"8.615","a":"110827.60","A":"10.960","T":1757096828533,"E":1757096828533}
{"e":"bookTicker","u":8522539583256,"s":"BTCUSDT","b":"110827.50","B":"8.616","a":"110827.60","A":"10.960","T":1757096828533,"E":1757096828533}
{"e":"bookTicker","u":8522539583334,"s":"BTCUSDT","b":"110827.50","B":"8.616","a":"110827.60","A":"10.959","T":1757096828534,"E":1757096828534}
{"e":"bookTicker","u":8522539583363,"s":"BTCUSDT","b":"110827.50","B":"8.615","a":"110827.60","A":"10.959","T":1757096828535,"E":1757096828535}
{"e":"bookTicker","u":8522539583419,"s":"BTCUSDT","b":"110827.50","B":"8.612","a":"110827.60","A":"10.959","T":1757096828535,"E":1757096828536}
{"e":"bookTicker","u":8522539584189,"s":"BTCUSDT","b":"110827.50","B":"8.612","a":"110827.60","A":"10.961","T":1757096828549,"E":1757096828549}
{"e":"bookTicker","u":8522539586071,"s":"BTCUSDT","b":"110827.50","B":"8.613","a":"110827.60","A":"10.961","T":1757096828583,"E":1757096828583}
{"e":"bookTicker","u":8522539586088,"s":"BTCUSDT","b":"110827.50","B":"8.613","a":"110827.60","A":"10.962","T":1757096828583,"E":1757096828584}
{"e":"bookTicker","u":8522539586153,"s":"BTCUSDT","b":"110827.50","B":"8.612","a":"110827.60","A":"10.962","T":1757096828584,"E":1757096828585}
{"e":"bookTicker","u":8522539586190,"s":"BTCUSDT","b":"110827.50","B":"8.612","a":"110827.60","A":"10.961","T":1757096828585,"E":1757096828585}
{"e":"bookTicker","u":8522539588843,"s":"BTCUSDT","b":"110827.50","B":"8.612","a":"110827.60","A":"10.962","T":1757096828633,"E":1757096828633}
{"e":"bookTicker","u":8522539588850,"s":"BTCUSDT","b":"110827.50","B":"8.613","a":"110827.60","A":"10.962","T":1757096828633,"E":1757096828634}
{"e":"bookTicker","u":8522539588890,"s":"BTCUSDT","b":"110827.50","B":"8.613","a":"110827.60","A":"10.961","T":1757096828634,"E":1757096828634}
{"e":"bookTicker","u":8522539588904,"s":"BTCUSDT","b":"110827.50","B":"8.612","a":"110827.60","A":"10.961","T":1757096828635,"E":1757096828635}
{"e":"bookTicker","u":8522539591455,"s":"BTCUSDT","b":"110827.50","B":"8.612","a":"110827.60","A":"10.962","T":1757096828683,"E":1757096828683}
{"e":"bookTicker","u":8522539591465,"s":"BTCUSDT","b":"110827.50","B":"8.613","a":"110827.60","A":"10.962","T":1757096828684,"E":1757096828684}
{"e":"bookTicker","u":8522539591488,"s":"BTCUSDT","b":"110827.50","B":"8.613","a":"110827.60","A":"10.961","T":1757096828684,"E":1757096828684}
{"e":"bookTicker","u":8522539591496,"s":"BTCUSDT","b":"110827.50","B":"8.612","a":"110827.60","A":"10.961","T":1757096828685,"E":1757096828685}
{"e":"bookTicker","u":8522539593673,"s":"BTCUSDT","b":"110827.50","B":"8.613","a":"110827.60","A":"10.961","T":1757096828733,"E":1757096828733}
{"e":"bookTicker","u":8522539593709,"s":"BTCUSDT","b":"110827.50","B":"8.613","a":"110827.60","A":"10.962","T":1757096828733,"E":1757096828734}
{"e":"bookTicker","u":8522539593744,"s":"BTCUSDT","b":"110827.50","B":"8.612","a":"110827.60","A":"10.962","T":1757096828734,"E":1757096828735}
{"e":"bookTicker","u":8522539593767,"s":"BTCUSDT","b":"110827.50","B":"8.612","a":"110827.60","A":"10.961","T":1757096828735,"E":1757096828735}
{"e":"bookTicker","u":8522539596204,"s":"BTCUSDT","b":"110827.50","B":"8.612","a":"110827.60","A":"10.962","T":1757096828783,"E":1757096828783}
{"e":"bookTicker","u":8522539596209,"s":"BTCUSDT","b":"110827.50","B":"8.613","a":"110827.60","A":"10.962","T":1757096828783,"E":1757096828783}
{"e":"bookTicker","u":8522539596252,"s":"BTCUSDT","b":"110827.50","B":"8.613","a":"110827.60","A":"10.961","T":1757096828784,"E":1757096828785}
{"e":"bookTicker","u":8522539596253,"s":"BTCUSDT","b":"110827.50","B":"8.612","a":"110827.60","A":"10.961","T":1757096828785,"E":1757096828785}
{"e":"bookTicker","u":8522539599195,"s":"BTCUSDT","b":"110827.50","B":"8.612","a":"110827.60","A":"10.962","T":1757096828833,"E":1757096828834}
{"e":"bookTicker","u":8522539599208,"s":"BTCUSDT","b":"110827.50","B":"8.613","a":"110827.60","A":"10.962","T":1757096828834,"E":1757096828834}
{"e":"bookTicker","u":8522539599239,"s":"BTCUSDT","b":"110827.50","B":"8.613","a":"110827.60","A":"10.961","T":1757096828835,"E":1757096828835}
{"e":"bookTicker","u":8522539599252,"s":"BTCUSDT","b":"110827.50","B":"8.612","a":"110827.60","A":"10.961","T":1757096828835,"E":1757096828835}
{"e":"bookTicker","u":8522539601454,"s":"BTCUSDT","b":"110827.50","B":"8.612","a":"110827.60","A":"10.954","T":1757096828878,"E":1757096828879}
{"e":"bookTicker","u":8522539601927,"s":"BTCUSDT","b":"110827.50","B":"8.613","a":"110827.60","A":"10.954","T":1757096828883,"E":1757096828883}
{"e":"bookTicker","u":8522539601951,"s":"BTCUSDT","b":"110827.50","B":"8.613","a":"110827.60","A":"10.955","T":1757096828883,"E":1757096828884}
{"e":"bookTicker","u":8522539602011,"s":"BTCUSDT","b":"110827.50","B":"8.612","a":"110827.60","A":"10.955","T":1757096828884,"E":1757096828884}
{"e":"bookTicker","u":8522539602027,"s":"BTCUSDT","b":"110827.50","B":"8.612","a":"110827.60","A":"10.954","T":1757096828885,"E":1757096828885}
{"e":"bookTicker","u":8522539604120,"s":"BTCUSDT","b":"110827.50","B":"8.612","a":"110827.60","A":"10.955","T":1757096828933,"E":1757096828934}
{"e":"bookTicker","u":8522539604131,"s":"BTCUSDT","b":"110827.50","B":"8.613","a":"110827.60","A":"10.955","T":1757096828934,"E":1757096828934}
{"e":"bookTicker","u":8522539604168,"s":"BTCUSDT","b":"110827.50","B":"8.613","a":"110827.60","A":"10.954","T":1757096828934,"E":1757096828935}
{"e":"bookTicker","u":8522539604183,"s":"BTCUSDT","b":"110827.50","B":"8.612","a":"110827.60","A":"10.954","T":1757096828935,"E":1757096828935}
{"e":"bookTicker","u":8522539604613,"s":"BTCUSDT","b":"110827.50","B":"8.612","a":"110827.60","A":"10.955","T":1757096828941,"E":1757096828941}
{"e":"bookTicker","u":8522539606666,"s":"BTCUSDT","b":"110827.50","B":"8.613","a":"110827.60","A":"10.955","T":1757096828983,"E":1757096828984}
{"e":"bookTicker","u":8522539606673,"s":"BTCUSDT","b":"110827.50","B":"8.613","a":"110827.60","A":"10.956","T":1757096828984,"E":1757096828984}
{"e":"bookTicker","u":8522539606705,"s":"BTCUSDT","b":"110827.50","B":"8.612","a":"110827.60","A":"10.956","T":1757096828984,"E":1757096828985}
{"e":"bookTicker","u":8522539606712,"s":"BTCUSDT","b":"110827.50","B":"8.612","a":"110827.60","A":"10.955","T":1757096828985,"E":1757096828985}
{"e":"bookTicker","u":8522539609456,"s":"BTCUSDT","b":"110827.50","B":"8.612","a":"110827.60","A":"10.956","T":1757096829033,"E":1757096829034}
{"e":"bookTicker","u":8522539609465,"s":"BTCUSDT","b":"110827.50","B":"8.613","a":"110827.60","A":"10.956","T":1757096829034,"E":1757096829034}
{"e":"bookTicker","u":8522539609535,"s":"BTCUSDT","b":"110827.50","B":"8.613","a":"110827.60","A":"10.955","T":1757096829034,"E":1757096829035}
{"e":"bookTicker","u":8522539609552,"s":"BTCUSDT","b":"110827.50","B":"8.612","a":"110827.60","A":"10.955","T":1757096829035,"E":1757096829035}
{"e":"bookTicker","u":8522539609729,"s":"BTCUSDT","b":"110827.50","B":"8.612","a":"110827.60","A":"10.956","T":1757096829039,"E":1757096829039}
{"e":"bookTicker","u":8522539612337,"s":"BTCUSDT","b":"110827.50","B":"8.613","a":"110827.60","A":"10.956","T":1757096829084,"E":1757096829084}
{"e":"bookTicker","u":8522539612346,"s":"BTCUSDT","b":"110827.50","B":"8.613","a":"110827.60","A":"10.957","T":1757096829084,"E":1757096829084}
{"e":"bookTicker","u":8522539612380,"s":"BTCUSDT","b":"110827.50","B":"8.612","a":"110827.60","A":"10.957","T":1757096829085,"E":1757096829085}
{"e":"bookTicker","u":8522539612397,"s":"BTCUSDT","b":"110827.50","B":"8.612","a":"110827.60","A":"10.956","T":1757096829085,"E":1757096829085}
{"e":"bookTicker","u":8522539613631,"s":"BTCUSDT","b":"110827.50","B":"8.572","a":"110827.60","A":"10.956","T":1757096829117,"E":1757096829117}
{"e":"bookTicker","u":8522539614243,"s":"BTCUSDT","b":"110827.50","B":"8.573","a":"110827.60","A":"10.956","T":1757096829134,"E":1757096829134}
{"e":"bookTicker","u":8522539614250,"s":"BTCUSDT","b":"110827.50","B":"8.573","a":"110827.60","A":"10.957","T":1757096829134,"E":1757096829134}
{"e":"bookTicker","u":8522539614296,"s":"BTCUSDT","b":"110827.50","B":"8.572","a":"110827.60","A":"10.957","T":1757096829135,"E":1757096829135}
{"e":"bookTicker","u":8522539614312,"s":"BTCUSDT","b":"110827.50","B":"8.572","a":"110827.60","A":"10.956","T":1757096829135,"E":1757096829135}
{"e":"bookTicker","u":8522539616434,"s":"BTCUSDT","b":"110827.50","B":"8.572","a":"110827.60","A":"10.957","T":1757096829184,"E":1757096829184}
{"e":"bookTicker","u":8522539616445,"s":"BTCUSDT","b":"110827.50","B":"8.573","a":"110827.60","A":"10.957","T":1757096829184,"E":1757096829184}
{"e":"bookTicker","u":8522539616478,"s":"BTCUSDT","b":"110827.50","B":"8.573","a":"110827.60","A":"10.956","T":1757096829185,"E":1757096829185}
{"e":"bookTicker","u":8522539616496,"s":"BTCUSDT","b":"110827.50","B":"8.572","a":"110827.60","A":"10.956","T":1757096829185,"E":1757096829185}
{"e":"bookTicker","u":8522539621293,"s":"BTCUSDT","b":"110827.50","B":"8.573","a":"110827.60","A":"10.956","T":1757096829234,"E":1757096829234}
{"e":"bookTicker","u":8522539621311,"s":"BTCUSDT","b":"110827.50","B":"8.573","a":"110827.60","A":"10.957","T":1757096829234,"E":1757096829234}
{"e":"bookTicker","u":8522539621383,"s":"BTCUSDT","b":"110827.50","B":"8.572","a":"110827.60","A":"10.957","T":1757096829235,"E":1757096829235}
{"e":"bookTicker","u":8522539621408,"s":"BTCUSDT","b":"110827.50","B":"8.572","a":"110827.60","A":"10.956","T":1757096829235,"E":1757096829235}
{"e":"bookTicker","u":8522539624238,"s":"BTCUSDT","b":"110827.50","B":"8.572","a":"110827.60","A":"10.952","T":1757096829282,"E":1757096829283}
{"e":"bookTicker","u":8522539624290,"s":"BTCUSDT","b":"110827.50","B":"8.572","a":"110827.60","A":"10.953","T":1757096829284,"E":1757096829284}
{"e":"bookTicker","u":8522539624295,"s":"BTCUSDT","b":"110827.50","B":"8.573","a":"110827.60","A":"10.953","T":1757096829284,"E":1757096829284}
{"e":"bookTicker","u":8522539624358,"s":"BTCUSDT","b":"110827.50","B":"8.573","a":"110827.60","A":"10.952","T":1757096829285,"E":1757096829285}
{"e":"bookTicker","u":8522539624396,"s":"BTCUSDT","b":"110827.50","B":"8.572","a":"110827.60","A":"10.952","T":1757096829285,"E":1757096829286}
{"e":"bookTicker","u":8522539627148,"s":"BTCUSDT","b":"110827.50","B":"8.572","a":"110827.60","A":"10.953","T":1757096829334,"E":1757096829334}
{"e":"bookTicker","u":8522539627155,"s":"BTCUSDT","b":"110827.50","B":"8.573","a":"110827.60","A":"10.953","T":1757096829334,"E":1757096829334}
{"e":"bookTicker","u":8522539627240,"s":"BTCUSDT","b":"110827.50","B":"8.573","a":"110827.60","A":"10.952","T":1757096829335,"E":1757096829335}
{"e":"bookTicker","u":8522539627266,"s":"BTCUSDT","b":"110827.50","B":"8.572","a":"110827.60","A":"10.952","T":1757096829335,"E":1757096829336}
