{"e":"bookTicker","u":8522539959009,"s":"BTCUSDT","b":"110827.50","B":"9.302","a":"110827.60","A":"11.231","T":1757096835428,"E":1757096835428}
{"e":"bookTicker","u":8522539960998,"s":"BTCUSDT","b":"110827.50","B":"9.302","a":"110827.60","A":"11.232","T":1757096835439,"E":1757096835440}
{"e":"bookTicker","u":8522539960999,"s":"BTCUSDT","b":"110827.50","B":"9.303","a":"110827.60","A":"11.232","T":1757096835439,"E":1757096835440}
{"e":"bookTicker","u":8522539961116,"s":"BTCUSDT","b":"110827.50","B":"9.303","a":"110827.60","A":"11.231","T":1757096835441,"E":1757096835441}
{"e":"bookTicker","u":8522539961152,"s":"BTCUSDT","b":"110827.50","B":"9.302","a":"110827.60","A":"11.231","T":1757096835441,"E":1757096835441}
{"e":"bookTicker","u":8522539962175,"s":"BTCUSDT","b":"110827.50","B":"9.302","a":"110827.60","A":"11.235","T":1757096835450,"E":1757096835450}
{"e":"bookTicker","u":8522539964838,"s":"BTCUSDT","b":"110827.50","B":"9.392","a":"110827.60","A":"11.235","T":1757096835477,"E":1757096835477}
{"e":"bookTicker","u":8522539964948,"s":"BTCUSDT","b":"110827.50","B":"9.386","a":"110827.60","A":"11.235","T":1757096835478,"E":1757096835478}
{"e":"bookTicker","u":8522539964982,"s":"BTCUSDT","b":"110827.50","B":"9.392","a":"110827.60","A":"11.235","T":1757096835479,"E":1757096835479}
{"e":"bookTicker","u":8522539965794,"s":"BTCUSDT","b":"110827.50","B":"9.392","a":"110827.60","A":"11.236","T":1757096835489,"E":1757096835489}
{"e":"bookTicker","u":8522539965808,"s":"BTCUSDT","b":"110827.50","B":"9.393","a":"110827.60","A":"11.236","T":1757096835489,"E":1757096835489}
{"e":"bookTicker","u":8522539965882,"s":"BTCUSDT","b":"110827.50","B":"9.393","a":"110827.60","A":"11.235","T":1757096835490,"E":1757096835490}
{"e":"bookTicker","u":8522539965926,"s":"BTCUSDT","b":"110827.50","B":"9.392","a":"110827.60","A":"11.235","T":1757096835491,"E":1757096835491}
{"e":"bookTicker","u":8522539969222,"s":"BTCUSDT","b":"110827.50","B":"9.392","a":"110827.60","A":"11.234","T":1757096835521,"E":1757096835521}
{"e":"bookTicker","u":8522539970105,"s":"BTCUSDT","b":"110827.50","B":"9.392","a":"110827.60","A":"11.249","T":1757096835529,"E":1757096835529}
{"e":"bookTicker","u":8522539970974,"s":"BTCUSDT","b":"110827.50","B":"9.392","a":"110827.60","A":"11.250","T":1757096835539,"E":1757096835539}
{"e":"bookTicker","u":8522539970988,"s":"BTCUSDT","b":"110827.50","B":"9.393","a":"110827.60","A":"11.250","T":1757096835539,"E":1757096835540}
{"e":"bookTicker","u":8522539971043,"s":"BTCUSDT","b":"110827.50","B":"9.393","a":"110827.60","A":"11.249","T":1757096835540,"E":1757096835541}
{"e":"bookTicker","u":8522539971094,"s":"BTCUSDT","b":"110827.50","B":"9.392","a":"110827.60","A":"11.249","T":1757096835541,"E":1757096835541}
{"e":"bookTicker","u":8522539973910,"s":"BTCUSDT","b":"110827.50","B":"9.392","a":"110827.60","A":"11.248","T":1757096835566,"E":1757096835566}
{"e":"bookTicker","u":8522539975880,"s":"BTCUSDT","b":"110827.50","B":"9.393","a":"110827.60","A":"11.248","T":1757096835589,"E":1757096835589}
{"e":"bookTicker","u":8522539975882,"s":"BTCUSDT","b":"110827.50","B":"9.393","a":"110827.60","A":"11.249","T":1757096835589,"E":1757096835589}
{"e":"bookTicker","u":8522539975975,"s":"BTCUSDT","b":"110827.50","B":"9.392","a":"110827.60","A":"11.249","T":1757096835591,"E":1757096835591}
{"e":"bookTicker","u":8522539976009,"s":"BTCUSDT","b":"110827.50","B":"9.392","a":"110827.60","A":"11.248","T":1757096835591,"E":1757096835591}
{"e":"bookTicker","u":8522539979851,"s":"BTCUSDT","b":"110827.50","B":"9.393","a":"110827.60","A":"11.248","T":1757096835639,"E":1757096835640}
{"e":"bookTicker","u":8522539979867,"s":"BTCUSDT","b":"110827.50","B":"9.393","a":"110827.60","A":"11.249","T":1757096835640,"E":1757096835640}
{"e":"bookTicker","u":8522539979924,"s":"BTCUSDT","b":"110827.50","B":"9.392","a":"110827.60","A":"11.249","T":1757096835640,"E":1757096835641}
{"e":"bookTicker","u":8522539979943,"s":"BTCUSDT","b":"110827.50","B":"9.392","a":"110827.60","A":"11.248","T":1757096835641,"E":1757096835641}
{"e":"bookTicker","u":8522539983626,"s":"BTCUSDT","b":"110827.50","B":"9.393","a":"110827.60","A":"11.248","T":1757096835689,"E":1757096835690}
{"e":"bookTicker","u":8522539983647,"s":"BTCUSDT","b":"110827.50","B":"9.393","a":"110827.60","A":"11.249","T":1757096835690,"E":1757096835690}
{"e":"bookTicker","u":8522539983785,"s":"BTCUSDT","b":"110827.50","B":"9.392","a":"110827.60","A":"11.249","T":1757096835691,"E":1757096835691}
{"e":"bookTicker","u":8522539983797,"s":"BTCUSDT","b":"110827.50","B":"9.392","a":"110827.60","A":"11.248","T":1757096835691,"E":1757096835691}
{"e":"bookTicker","u":8522539987606,"s":"BTCUSDT","b":"110827.50","B":"9.393","a":"110827.60","A":"11.248","T":1757096835740,"E":1757096835740}
{"e":"bookTicker","u":8522539987630,"s":"BTCUSDT","b":"110827.50","B":"9.393","a":"110827.60","A":"11.249","T":1757096835740,"E":1757096835740}
{"e":"bookTicker","u":8522539987631,"s":"BTCUSDT","b":"110827.50","B":"9.393","a":"110827.60","A":"11.253","T":1757096835740,"E":1757096835740}
{"e":"bookTicker","u":8522539987754,"s":"BTCUSDT","b":"110827.50","B":"9.392","a":"110827.60","A":"11.253","T":1757096835741,"E":1757096835741}
{"e":"bookTicker","u":8522539987769,"s":"BTCUSDT","b":"110827.50","B":"9.392","a":"110827.60","A":"11.252","T":1757096835741,"E":1757096835741}
{"e":"bookTicker","u":8522539990926,"s":"BTCUSDT","b":"110827.50","B":"9.392","a":"110827.60","A":"11.251","T":1757096835784,"E":1757096835784}
{"e":"bookTicker","u":8522539991351,"s":"BTCUSDT","b":"110827.50","B":"9.393","a":"110827.60","A":"11.251","T":1757096835790,"E":1757096835790}
{"e":"bookTicker","u":8522539991364,"s":"BTCUSDT","b":"110827.50","B":"9.393","a":"110827.60","A":"11.252","T":1757096835790,"E":1757096835790}
{"e":"bookTicker","u":8522539991472,"s":"BTCUSDT","b":"110827.50","B":"9.393","a":"110827.60","A":"11.251","T":1757096835792,"E":1757096835792}
{"e":"bookTicker","u":8522539991485,"s":"BTCUSDT","b":"110827.50","B":"9.392","a":"110827.60","A":"11.251","T":1757096835792,"E":1757096835792}
{"e":"bookTicker","u":8522539992405,"s":"BTCUSDT","b":"110827.50","B":"9.392","a":"110827.60","A":"11.250","T":1757096835807,"E":1757096835807}
{"e":"bookTicker","u":8522539994864,"s":"BTCUSDT","b":"110827.50","B":"9.393","a":"110827.60","A":"11.250","T":1757096835840,"E":1757096835840}
{"e":"bookTicker","u":8522539994865,"s":"BTCUSDT","b":"110827.50","B":"9.393","a":"110827.60","A":"11.251","T":1757096835840,"E":1757096835840}
{"e":"bookTicker","u":8522539994965,"s":"BTCUSDT","b":"110827.50","B":"9.392","a":"110827.60","A":"11.251","T":1757096835841,"E":1757096835841}
{"e":"bookTicker","u":8522539994977,"s":"BTCUSDT","b":"110827.50","B":"9.392","a":"110827.60","A":"11.250","T":1757096835841,"E":1757096835842}
{"e":"bookTicker","u":8522539998027,"s":"BTCUSDT","b":"110827.50","B":"9.393","a":"110827.60","A":"11.250","T":1757096835889,"E":1757096835890}
{"e":"bookTicker","u":8522539998042,"s":"BTCUSDT","b":"110827.50","B":"9.393","a":"110827.60","A":"11.251","T":1757096835890,"E":1757096835890}
{"e":"bookTicker","u":8522539998088,"s":"BTCUSDT","b":"110827.50","B":"9.392","a":"110827.60","A":"11.251","T":1757096835891,"E":1757096835891}
{"e":"bookTicker","u":8522539998100,"s":"BTCUSDT","b":"110827.50","B":"9.386","a":"110827.60","A":"11.251","T":1757096835891,"E":1757096835891}
{"e":"bookTicker","u":8522539998102,"s":"BTCUSDT","b":"110827.50","B":"9.386","a":"110827.60","A":"11.250","T":1757096835891,"E":1757096835891}
{"e":"bookTicker","u":8522539998111,"s":"BTCUSDT","b":"110827.50","B":"9.392","a":"110827.60","A":"11.250","T":1757096835891,"E":1757096835891}
{"e":"bookTicker","u":8522540001272,"s":"BTCUSDT","b":"110827.50","B":"9.393","a":"110827.60","A":"11.250","T":1757096835940,"E":1757096835940}
{"e":"bookTicker","u":8522540001277,"s":"BTCUSDT","b":"110827.50","B":"9.393","a":"110827.60","A":"11.251","T":1757096835940,"E":1757096835940}
{"e":"bookTicker","u":8522540001325,"s":"BTCUSDT","b":"110827.50","B":"9.392","a":"110827.60","A":"11.251","T":1757096835941,"E":1757096835941}
{"e":"bookTicker","u":8522540001358,"s":"BTCUSDT","b":"110827.50","B":"9.392","a":"110827.60","A":"11.250","T":1757096835941,"E":1757096835941}
{"e":"bookTicker","u":8522540004459,"s":"BTCUSDT","b":"110827.50","B":"9.393","a":"110827.60","A":"11.250","T":1757096835990,"E":1757096835990}
{"e":"bookTicker","u":8522540004470,"s":"BTCUSDT","b":"110827.50","B":"9.393","a":"110827.60","A":"11.251","T":1757096835990,"E":1757096835990}
{"e":"bookTicker","u":8522540004535,"s":"BTCUSDT","b":"110827.50","B":"9.392","a":"110827.60","A":"11.251","T":1757096835991,"E":1757096835991}
{"e":"bookTicker","u":8522540004547,"s":"BTCUSDT","b":"110827.50","B":"9.392","a":"110827.60","A":"11.250","T":1757096835991,"E":1757096835991}
{"e":"bookTicker","u":8522540007860,"s":"BTCUSDT","b":"110827.50","B":"9.393","a":"110827.60","A":"11.250","T":1757096836040,"E":1757096836040}
{"e":"bookTicker","u":8522540007871,"s":"BTCUSDT","b":"110827.50","B":"9.393","a":"110827.60","A":"11.251","T":1757096836040,"E":1757096836040}
{"e":"bookTicker","u":8522540007927,"s":"BTCUSDT","b":"110827.50","B":"9.392","a":"110827.60","A":"11.251","T":1757096836041,"E":1757096836041}
{"e":"bookTicker","u":8522540007936,"s":"BTCUSDT","b":"110827.50","B":"9.392","a":"110827.60","A":"11.250","T":1757096836041,"E":1757096836041}
{"e":"bookTicker","u":8522540008112,"s":"BTCUSDT","b":"110827.50","B":"9.392","a":"110827.60","A":"11.251","T":1757096836043,"E":1757096836043}
{"e":"bookTicker","u":8522540011192,"s":"BTCUSDT","b":"110827.50","B":"9.393","a":"110827.60","A":"11.251","T":1757096836090,"E":1757096836090}
{"e":"bookTicker","u":8522540011208,"s":"BTCUSDT","b":"110827.50","B":"9.393","a":"110827.60","A":"11.252","T":1757096836090,"E":1757096836090}
{"e":"bookTicker","u":8522540011239,"s":"BTCUSDT","b":"110827.50","B":"9.392","a":"110827.60","A":"11.252","T":1757096836091,"E":1757096836091}
{"e":"bookTicker","u":8522540011277,"s":"BTCUSDT","b":"110827.50","B":"9.392","a":"110827.60","A":"11.251","T":1757096836091,"E":1757096836091}
{"e":"bookTicker","u":8522540013149,"s":"BTCUSDT","b":"110827.50","B":"9.339","a":"110827.60","A":"11.251","T":1757096836117,"E":1757096836117}
{"e":"bookTicker","u":8522540013803,"s":"BTCUSDT","b":"110827.50","B":"9.339","a":"110827.60","A":"11.254","T":1757096836128,"E":1757096836129}
{"e":"bookTicker","u":8522540014435,"s":"BTCUSDT","b":"110827.50","B":"9.339","a":"110827.60","A":"11.255","T":1757096836140,"E":1757096836140}
{"e":"bookTicker","u":8522540014446,"s":"BTCUSDT","b":"110827.50","B":"9.340","a":"110827.60","A":"11.255","T":1757096836140,"E":1757096836140}
{"e":"bookTicker","u":8522540014480,"s":"BTCUSDT","b":"110827.50","B":"9.340","a":"110827.60","A":"11.254","T":1757096836141,"E":1757096836141}
{"e":"bookTicker","u":8522540014536,"s":"BTCUSDT","b":"110827.50","B":"9.339","a":"110827.60","A":"11.254","T":1757096836141,"E":1757096836142}
{"e":"bookTicker","u":8522540017168,"s":"BTCUSDT","b":"110827.50","B":"9.339","a":"110827.60","A":"11.255","T":1757096836190,"E":1757096836190}
{"e":"bookTicker","u":8522540017177,"s":"BTCUSDT","b":"110827.50","B":"9.340","a":"110827.60","A":"11.255","T":1757096836190,"E":1757096836190}
{"e":"bookTicker","u":8522540017224,"s":"BTCUSDT","b":"110827.50","B":"9.340","a":"110827.60","A":"11.254","T":1757096836191,"E":1757096836191}
{"e":"bookTicker","u":8522540017241,"s":"BTCUSDT","b":"110827.50","B":"9.339","a":"110827.60","A":"11.254","T":1757096836192,"E":1757096836192}
{"e":"bookTicker","u":8522540020342,"s":"BTCUSDT","b":"110827.50","B":"9.339","a":"110827.60","A":"11.255","T":1757096836240,"E":1757096836240}
{"e":"bookTicker","u":8522540020352,"s":"BTCUSDT","b":"110827.50","B":"9.340","a":"110827.60","A":"11.255","T":1757096836240,"E":1757096836240}
{"e":"bookTicker","u":8522540020413,"s":"BTCUSDT","b":"110827.50","B":"9.340","a":"110827.60","A":"11.254","T":1757096836241,"E":1757096836241}
{"e":"bookTicker","u":8522540020424,"s":"BTCUSDT","b":"110827.50","B":"9.339","a":"110827.60","A":"11.254","T":1757096836241,"E":1757096836241}
{"e":"bookTicker","u":8522540023550,"s":"BTCUSDT","b":"110827.50","B":"9.339","a":"110827.60","A":"11.255","T":1757096836290,"E":1757096836290}
{"e":"bookTicker","u":8522540023561,"s":"BTCUSDT","b":"110827.50","B":"9.340","a":"110827.60","A":"11.255","T":1757096836290,"E":1757096836290}
{"e":"bookTicker","u":8522540023657,"s":"BTCUSDT","b":"110827.50","B":"9.340","a":"110827.60","A":"11.254","T":1757096836291,"E":1757096836291}
{"e":"bookTicker","u":8522540023664,"s":"BTCUSDT","b":"110827.50","B":"9.339","a":"110827.60","A":"11.254","T":1757096836291,"E":1757096836291}
{"e":"bookTicker","u":8522540027539,"s":"BTCUSDT","b":"110827.50","B":"9.340","a":"110827.60","A":"11.254","T":1757096836340,"E":1757096836340}
{"e":"bookTicker","u":8522540027540,"s":"BTCUSDT","b":"110827.50","B":"9.340","a":"110827.60","A":"11.255","T":1757096836340,"E":1757096836340}
{"e":"bookTicker","u":8522540027633,"s":"BTCUSDT","b":"110827.50","B":"9.339","a":"110827.60","A":"11.255","T":1757096836341,"E":1757096836341}
{"e":"bookTicker","u":8522540027666,"s":"BTCUSDT","b":"110827.50","B":"9.339","a":"110827.60","A":"11.254","T":1757096836341,"E":1757096836342}
{"e":"bookTicker","u":8522540028986,"s":"BTCUSDT","b":"110827.50","B":"9.330","a":"110827.60","A":"11.254","T":1757096836358,"E":1757096836358}
{"e":"bookTicker","u":8522540029739,"s":"BTCUSDT","b":"110827.50","B":"9.128","a":"110827.60","A":"11.254","T":1757096836366,"E":1757096836366}
{"e":"bookTicker","u":8522540030440,"s":"BTCUSDT","b":"110827.50","B":"9.448","a":"110827.60","A":"11.254","T":1757096836376,"E":1757096836377}
{"e":"bookTicker","u":8522540030494,"s":"BTCUSDT","b":"110827.50","B":"9.442","a":"110827.60","A":"11.254","T":1757096836378,"E":1757096836378}
